3458 5602
277 484 323 548 50
634 494 840 549 conburunt
865 495 1086 549 bunoaromr

276 640 498 734 animarum,
535 639 682 713 dicens:
718 641 903 730 noscano,
938 639 1083 713 illarum
1123 639 1345 735 animarum,
1384 664 1449 715 cro

275 781 405 833 oscoro
436 783 455 833 e
486 781 577 833 cavo
610 762 703 850 nepti
727 763 835 850 occdi,
862 767 1010 854 propter
1041 760 1177 834 tamem
1211 761 1293 857 plus
1323 772 1450 838 tamen

274 886 311 955 et
343 881 465 954 minus
495 881 700 955 secundum
735 879 1018 975 profunditatem
1049 881 1158 976 gula,
1192 884 1332 973 pallido
1356 885 1449 955 nella

270 1004 398 1094 suedo,
426 1008 573 1096 propter
598 1000 800 1075 carentiam
825 999 1024 1096 sanguinis,
1049 1008 1181 1074 etonto
1198 1022 1327 1091 soemo,
1344 1001 1449 1095 idest,

273 1140 412 1214 macra,
443 1123 504 1193 cite
532 1124 568 1193 la
597 1123 688 1213 pelte
712 1123 958 1213 s'insormooa
989 1122 1181 1214 deltoton,
1215 1121 1319 1215 idest,
1353 1122 1449 1196 reci-

273 1239 395 1334 piebat
420 1240 579 1313 lormam
605 1241 652 1313 ab
678 1240 820 1313 ossibus
846 1260 957 1334 super
984 1239 1118 1333 quibus
1143 1248 1225 1315 erat
1248 1247 1350 1315 tensa
1368 1241 1448 1315 sine

274 1379 397 1433 came.
431 1360 507 1433 lloc
535 1366 655 1433 totum
682 1359 837 1433 faciebat
872 1360 986 1433 lames
1021 1380 1119 1433 nunc
1145 1359 1191 1433 ad
1217 1359 1447 1456 purgandam

275 1479 547 1574 pinguedinem,
573 1501 685 1574 quam
718 1480 806 1553 olim
841 1480 978 1554 lecerat
1010 1480 1189 1576 ingluvies
1226 1480 1447 1574 importuna.

275 1603 417 1672 -Non
442 1602 557 1672 medo.
585 1601 650 1673 llic
675 1606 782 1695 poeta
816 1599 1024 1674 manifestat
1053 1608 1260 1674 extremam
1291 1600 1448 1674 maciem

274 1721 430 1794 istorum
461 1721 714 1795 famelicorum
750 1742 817 1816 per
852 1742 964 1795 unam
998 1722 1260 1816 pulcerrimam
1279 1713 1317 1812 (¹)
1344 1741 1450 1794 com-

274 1840 502 1935 parationem
528 1847 565 1914 et
591 1840 890 1936 propriissimam.
916 1840 969 1914 Ad
991 1842 1098 1915 cuius
1124 1841 1368 1937 cognitionem
1394 1845 1451 1913 est

273 1960 394 2054 primo
423 1960 624 2053 sciendum,
652 1961 751 2054 quod
779 1962 871 2034 sicut
898 1961 1000 2056 fingit
1024 1960 1174 2035 Ovidius
1199 1960 1292 2034 libro
1317 1965 1450 2034 octavo

274 2079 423 2153 maioris
447 2080 545 2155 circa
571 2080 681 2155 linem
712 2081 914 2154 Erisictbon
940 2081 986 2154 de
1011 2081 1193 2154 Thessalia
1219 2080 1274 2153 vir
1300 2079 1450 2153 sacrile-

273 2219 344 2294 gus
371 2207 512 2274 temere
538 2202 733 2295 spernebat
758 2201 865 2274 deam
894 2202 1067 2275 Cererem
1100 2206 1137 2275 et
1166 2200 1325 2273 colentes
1351 2219 1449 2292 eam,

274 2317 367 2391 adeo
393 2320 492 2411 quod
519 2340 651 2394 nemus
676 2327 932 2394 consecratum
969 2320 1016 2392 illi
1049 2320 1182 2393 dicitur
1208 2319 1381 2412 violasse3
1412 2326 1451 2393 et

275 2439 339 2511 uni
365 2459 412 2513 ex
438 2440 583 2514 lamulis
609 2441 816 2514 formidanti
850 2440 1010 2515 incidere
1039 2459 1219 2533 quercum
1235 2430 1272 2530 (²)
1303 2438 1451 2513 dedica-

277 2566 351 2632 tam
378 2561 458 2635 deae
484 2562 520 2634 in
546 2561 672 2636 lurore
697 2562 900 2656 amputavit
925 2566 1104 2655 caputet
1129 2561 1302 2634 arborem
1331 2560 1447 2654 ipsam

274 2681 470 2774 prostravit
495 2682 540 2755 ad
567 2689 716 2755 terram.
744 2682 839 2755 lrata
865 2681 933 2754 dea
954 2683 1065 2755 altam
1085 2680 1279 2754 vindictam
1298 2680 1382 2754 iecit
1400 2679 1448 2754 de

275 2800 424 2875 homine
439 2791 476 2893 (³)
496 2802 639 2876 insano:
659 2823 744 2875 nam
764 2802 913 2875 immisit
931 2802 1066 2876 lumem
1085 2802 1285 2875 inauditam
1304 2802 1340 2874 in
1358 2822 1451 2876 ven-

277 2925 370 2992 trem
398 2920 496 3014 eius;
524 2922 621 2996 unde
648 2923 850 2996 Erisictbon
876 2923 913 2995 in
947 2928 1054 2995 nocte
1087 2922 1291 2996 somniabat
1326 2942 1451 2996 come-

274 3038 374 3131 dere,
401 3062 496 3115 vane
528 3062 662 3116 vorans
692 3051 857 3136 ventum,
886 3050 923 3115 et
954 3049 1143 3116 crescente
1174 3043 1210 3116 in
1245 3044 1321 3117 dies
1352 3042 1451 3116 lame

274 3158 433 3232 vendidit
458 3167 495 3234 et
521 3162 678 3237 comedit
704 3163 829 3236 omnia
855 3184 943 3255 sua3
970 3183 1055 3235 nam
1087 3163 1186 3256 quod
1212 3163 1298 3238 satis
1324 3162 1451 3237 luisset

275 3279 339 3349 uni
365 3281 500 3373 populo
526 3303 598 3354 uon
625 3282 830 3356 sufficiebat
856 3282 919 3354 uni
946 3282 1095 3377 bomini,
1117 3290 1153 3358 et
1179 3292 1317 3378 quanto
1343 3284 1450 3379 plura

276 3400 441 3494 vorabat,
458 3408 558 3475 tanto
572 3403 676 3495 plura
697 3402 890 3495 appetebat
909 3423 1013 3477 more
1032 3404 1133 3498 ignis.
1152 3405 1309 3478 Demum
1329 3403 1450 3478 omni·

275 3517 345 3591 bus
366 3522 591 3615 consumptis
612 3522 770 3596 vendidit
789 3522 934 3594 unicam
956 3522 1065 3594 liliam
1085 3544 1190 3596 suam
1211 3524 1376 3617 pluribus
1393 3522 1449 3594 vi·

275 3637 389 3732 cibus,
417 3646 454 3713 et
477 3642 523 3714 ad
555 3648 694 3717 tautam
725 3642 997 3715 extremitatem
1028 3642 1174 3715 devenit
1207 3642 1305 3735 quod
1339 3641 1450 3735 coepit

275 3759 471 3835 comedere
489 3763 657 3836 membra
671 3784 738 3835 sua
753 3783 887 3836 vorans
905 3781 944 3835 se
963 3761 1093 3855 ipsum.
1109 3760 1192 3835 Visa
1210 3762 1344 3854 tabula,
1359 3783 1449 3835 con-

275 3879 394 3953 sidera
421 3903 548 3956 veram
575 3883 788 3979 allegoriam
816 3903 900 3975 quae
932 3883 1020 3956 latet
1053 3883 1121 3955 sub
1154 3883 1290 3957 cortice
1319 3883 1448 3957 literae.

275 3997 477 4074 Erisicthon
512 4024 674 4097 namque
710 4003 905 4099 figurative
940 4010 995 4076 est
1029 4003 1181 4098 gulosus
1219 4004 1280 4098 qui
1320 4004 1449 4078 incon-

276 4116 371 4191 sulte
397 4122 533 4213 spernit
551 4123 724 4197 Cererem
744 4124 850 4197 deam
870 4123 977 4216 bladi,
996 4123 1082 4216 quia
1100 4123 1245 4217 scilicet,
1266 4144 1339 4197 non
1359 4145 1449 4198 con-

336 4376 363 4437 (¹)
381 4376 410 4427 E.
426 4390 442 4427 o
459 4382 513 4439 117,
530 4381 657 4442 pulcram.

336 4449 363 4512 (Ἰ
381 4454 411 4502 Ε.
428 4468 554 4517 quercum
575 4458 629 4508 deae
650 4460 697 4522 ipsi
714 4459 866 4519 dedicatam,
883 4458 974 4509 furore
994 4464 1083 4509 molus
1100 4465 1177 4523 eaput
1193 4460 1232 4510 illi
1248 4462 1400 4524 amputarit,
1421 4469 1450 4514 et

274 4528 395 4578 arborem
413 4530 502 4592 ipsum.

335 4604 362 4667 (⁸)
378 4606 409 4655 E.
425 4607 529 4658 bomine
544 4610 594 4660 isto
610 4612 708 4676 insano,
722 4627 782 4663 uum
799 4613 902 4662 intrusit
918 4612 1022 4662 samem.
