3458 5602
296 442 339 508 1o
653 455 856 511 counuruu
883 456 1102 511 ruaotroun

291 598 369 672 tulo
394 599 451 692 lV,
478 605 516 673 et
538 599 657 693 glosat
682 599 820 672 dictum
846 621 971 693 suum,
996 599 1135 673 dicens:
1162 603 1250 672 dove
1278 603 1324 673 lta
1352 604 1380 674 il
1408 606 1460 674 oi-

288 721 389 790 cun'o
406 721 443 791 di
459 723 578 792 Pielro
603 722 633 791 le
653 721 794 812 pionte,-
820 706 917 813 quia
931 719 1085 814 angelus
1102 719 1246 792 Domini
1272 720 1335 814 qui
1362 720 1459 817 ligu-

289 842 347 909 rat
371 837 598 911 sacerdotem
625 836 726 911 sedet
752 839 788 911 in
814 838 939 912 limine
954 845 1074 932 portae
1100 844 1138 911 et
1162 845 1262 912 tenet
1286 840 1396 933 pedes
1421 841 1458 914 in

287 976 434 1030 summo
460 957 588 1052 gradu.
616 956 708 1030 Dicit
732 978 840 1053 ergo:
867 964 978 1030 nemu
1000 961 1099 1050 forse
1111 951 1172 1049 ptri
1191 952 1263 1047 piri,
1282 958 1375 1032 inira
1405 959 1460 1032 di·

287 1081 388 1149 ctum
415 1077 585 1171 gradum,
607 1097 698 1168 poco
723 1097 745 1147 ο
771 1080 886 1168 ussui;
921 1076 1007 1170 quia
1038 1076 1078 1152 fit
1107 1083 1341 1151 terremotus
1372 1099 1457 1172 par-

287 1216 356 1268 vus
374 1196 432 1269 vel
447 1216 624 1289 magnus,
642 1201 680 1268 et
697 1195 812 1290 tangit
829 1215 979 1269 causam
996 1188 1032 1286 (¹)
1054 1201 1297 1288 terraemotus,
1316 1197 1456 1271 dicens:

287 1333 359 1405 mu,
382 1335 449 1405 per
480 1322 579 1386 cento
609 1317 669 1387 cle
693 1317 729 1386 'n
760 1322 856 1386 terra
886 1317 918 1386 si
946 1317 1141 1405 noscenda,
1171 1335 1243 1386 non
1273 1336 1314 1386 so
1347 1336 1454 1406 come,

287 1434 391 1525 quasi
417 1433 531 1507 dicat:
555 1435 894 1527 qualitercumque;
912 1433 987 1526 sed,
1005 1428 1134 1524 quassi
1150 1454 1222 1506 non
1240 1426 1349 1506 trcmd
1366 1438 1451 1528 mai,

285 1553 432 1646 scilicet,
458 1574 523 1648 per
550 1554 647 1627 viam
673 1553 782 1628 venti.
810 1553 854 1625 Et
879 1552 1035 1627 finaliter
1056 1553 1191 1627 Statius
1216 1554 1376 1650 assignat
1394 1576 1458 1629 ve-

286 1693 367 1745 ram
393 1693 545 1746 causam
570 1673 665 1746 illius
692 1679 926 1746 terraemotus
947 1673 1171 1766 spiritualem
1199 1680 1236 1747 et
1262 1676 1455 1769 moralem,

284 1791 426 1865 dicens:
452 1794 597 1864 tentari
621 1795 764 1882 quando
790 1795 918 1864 adanu
938 1795 1057 1864 animo
1084 1795 1227 1884 mondo,
1249 1793 1351 1887 idest,
1370 1815 1455 1890 per-

283 1909 378 1985 fecte
403 1915 571 2005 purgata,
597 1914 629 1982 si
650 1918 755 2001 sente,
772 1903 802 1981 si
818 1913 877 1982 cte
893 1932 1017 2003 sarpa,
1041 1911 1133 1984 sicut
1158 1913 1261 1986 avari
1279 1914 1455 2007 jacentes,

285 2051 307 2102 o
332 2033 391 2102 cte
406 2033 438 2102 st
453 2050 595 2121 munna,
612 2030 705 2106 sicut
724 2029 784 2103 alii
806 2051 877 2104 non
890 2031 1147 2126 iacentes-vel
1165 2053 1238 2105 non
1256 2033 1373 2127 ligati3
1388 2055 1455 2125 per

283 2153 372 2222 satir
397 2171 452 2240 su,
472 2150 517 2223 ad
542 2150 656 2223 alium
676 2150 832 2246 gradum
854 2151 1095 2245 superiorem,
1113 2173 1132 2223 c
1157 2155 1208 2225 tal
1221 2155 1339 2244 prado,
1361 2174 1455 2246 qua·

285 2270 357 2343 lem
376 2269 556 2362 audivisti,
570 2269 715 2362 scilicet,
729 2268 845 2365 gloria
859 2269 894 2341 in
909 2270 1060 2343 excelsis
1073 2271 1160 2364 Deo,
1173 2275 1338 2362 secondo,
1351 2271 1454 2366 idest,

284 2389 452 2483 sequitur
488 2388 698 2463 immediate
737 2393 1128 2462 tremorem-Delta
1164 2394 1352 2464 mondlztu.
1390 2392 1456 2466 Hic

286 2508 422 2582 Statius
448 2508 642 2602 respondet
666 2508 857 2601 quaestioni
883 2508 1019 2582 tacitae:
1037 2515 1180 2603 poterat
1200 2510 1297 2583 enim
1315 2502 1350 2602 (²)
1372 2510 1454 2584 Vir-

281 2628 389 2724 gilius
414 2626 536 2701 statim
568 2634 717 2720 petere:
743 2626 790 2699 ad
820 2627 907 2720 quid
937 2629 995 2700 vel
1021 2627 1206 2720 quomodo
1236 2629 1452 2724 cognoscitis

282 2769 347 2822 vos
373 2747 472 2843 quod
497 2747 618 2840 aliqua
649 2746 772 2819 anima
797 2745 841 2818 sit
867 2751 1046 2842 purgata?
1073 2748 1266 2842 respondet
1295 2749 1451 2822 Statius:

281 2871 309 2941 il
338 2872 394 2940 sol
424 2872 535 2958 volu,
569 2867 670 2958 idest,
706 2867 782 2940 sola
814 2867 994 2960 voluutas,
1026 2872 1068 2961 su
1098 2889 1238 2958 pruooa
1268 2871 1340 2959 cle,
1368 2876 1450 2942 tutto

278 2988 400 3077 libero,
426 2987 504 3060 sine
537 2986 661 3079 aliqua
687 2985 913 3078 necessitate,
939 2988 1067 3058 t'mmu
1099 2990 1291 3078 surprcnde
1320 3008 1344 3058 u
1373 3009 1451 3061 mu-

279 3111 337 3176 tor
354 3112 534 3193 convento,
550 3104 697 3196 scilicet,
715 3123 907 3178 ascensum
926 3103 973 3176 ad
993 3104 1160 3178 altiorem
1181 3105 1339 3200 gradum
1361 3128 1453 3200 pur-

278 3223 419 3319 gatorii,
445 3245 464 3296 e
486 3227 524 3296 di
549 3226 646 3296 noter
670 3226 702 3294 lc
724 3222 963 3314 quoquest,
983 3229 1019 3295 et
1045 3229 1133 3296 tuuc
1152 3223 1308 3298 delectat
1334 3226 1449 3319 ipsam

198 3341 200 3344 ’
277 3342 439 3417 animam
471 3342 566 3415 velle
598 3345 745 3414 mutare
777 3348 1011 3416 conventum.
1039 3341 1082 3414 Et
1114 3344 1288 3417 continuo
1314 3344 1448 3418 Statius

278 3460 363 3536 iacit
387 3460 497 3534 aliam
522 3460 800 3554 antipophoram
826 3461 1051 3554 necessario;
1070 3460 1157 3555 quia
1175 3462 1346 3558 Virgilius
1367 3471 1449 3537 erat

277 3579 398 3655 statim
418 3579 602 3653 dicturus:
621 3578 818 3672 quomodo,
840 3600 961 3653 nonne
983 3581 1062 3653 vult
1082 3601 1230 3675 semper
1250 3582 1353 3656 exire
1369 3603 1450 3677 poe-

276 3706 390 3775 narni
417 3699 611 3794 respondet
635 3697 782 3792 Statius,
799 3699 899 3793 quod
920 3701 1011 3794 vult,
1029 3701 1092 3774 sed
1118 3721 1192 3774 non
1218 3701 1343 3795 libere,
1363 3701 1449 3796 quia

275 3821 399 3896 anima
424 3826 553 3916 sponte
578 3818 721 3892 subiicit
746 3839 787 3892 se
811 3818 928 3912 culpae
945 3810 981 3910 (³)
1009 3820 1180 3916 exigente
1196 3820 1318 3894 divina
1340 3821 1450 3916 justi-

276 3941 335 4014 tia.
363 3940 454 4014 llicit
480 3961 591 4035 ergo:
605 3942 726 4032 primu
746 3942 828 4011 vuol
843 3940 938 4029 dna,
955 3939 1101 4033 scilicet,
1121 3946 1267 4015 mutare
1290 3941 1447 4036 gradum

275 4058 334 4131 illa
359 4059 483 4131 anima
507 4065 708 4150 antequam
732 4058 879 4131 recedat
901 4079 924 4131 a
949 4080 1071 4152 poena,
1096 4080 1156 4131 mo
1179 4061 1208 4132 it
1231 4063 1357 4133 talento
1376 4082 1448 4134 non

273 4179 397 4266 luscio,
422 4175 525 4268 idest,
550 4175 731 4270 appetitus
757 4197 831 4250 non
861 4177 1056 4270 permittit;
1084 4177 1188 4271 quasi
1214 4178 1319 4272 dicat,
1346 4179 1445 4273 quod

334 4390 361 4450 (¹)
380 4391 432 4449 tlt,
449 4402 553 4438 cauum
570 4389 741 4452 generationis
759 4395 932 4440 terremotus.

332 4463 360 4526 (¹)
377 4465 409 4514 E.
425 4465 493 4514 enim
511 4466 597 4516 dicere
614 4464 737 4529 Virgilius
753 4471 781 4516 at
797 4467 892 4517 statim.

335 4540 362 4604 (¹)
379 4546 433 4601 ¹¹7,
449 4553 540 4603 puna,
557 4542 623 4592 sicut
638 4547 729 4606 sponte
745 4543 840 4594 obtem
855 4555 882 4593 so
898 4542 982 4606 culpas
998 4545 1127 4608 exigente.
