3458 5602
279 456 326 524 48
644 472 848 527 nonnarum
872 473 1093 528 runorronrr

278 619 362 712 quis
388 620 609 712 loquebatur
635 619 694 711 ibi,
721 619 784 692 sed
812 619 959 711 irustra,
979 619 1159 712 quianon
1180 623 1323 712 poterat
1350 619 1453 692 illum

280 761 523 836 cognoscere;
551 739 632 813 ideo
658 739 753 813 bene
784 739 956 835 Virgilius
982 738 1170 812 revocavit
1195 757 1282 810 eum
1310 738 1454 812 dicens:

279 864 313 933 to
335 856 396 952 piri
417 863 476 933 cie
489 862 617 951 padre,
636 859 737 952 idest,
759 859 930 956 Virgilius
948 865 1151 954 praeceptor
1167 852 1216 950 (¹),
1239 857 1455 932 informator

279 979 392 1053 animi
411 978 482 1053 mei
502 979 617 1075 magis
630 978 806 1052 colendus
823 999 936 1072 quarn
955 984 1072 1073 pater,
1089 980 1137 1048 rni
1153 979 1272 1049 diceas
1287 980 1454 1069 figlinote,

280 1100 432 1193 idesto
466 1100 514 1172 lili
547 1100 608 1192 mi,
640 1103 719 1172 ocni
749 1103 833 1190 appi
861 1102 945 1190 mot,
986 1097 1072 1192 quia
1106 1118 1179 1171 non
1210 1104 1265 1171 est
1296 1098 1455 1192 amplius

279 1219 450 1293 standum
481 1219 559 1312 bic;
594 1225 631 1293 et
660 1239 747 1293 ecce
780 1240 929 1293 causam
966 1218 1093 1291 utilem
1127 1225 1164 1291 et
1196 1219 1454 1311 necessariam,

281 1337 378 1414 cndu
401 1342 588 1431 temporie
608 1343 642 1411 n'
657 1335 804 1430 riperto,
829 1339 875 1412 de
903 1359 978 1431 quo
1000 1338 1184 1412 modicum
1204 1345 1317 1412 restat
1338 1338 1454 1431 nobis,

277 1457 339 1553 piri
364 1464 535 1532 ntitmcnte
560 1463 754 1551 cornpurtir
779 1463 811 1531 si
840 1462 951 1550 vnole,
979 1460 1064 1552 quia
1091 1460 1207 1533 multa
1235 1465 1371 1533 restant
1398 1459 1455 1531 vi·

279 1579 409 1670 denda,
427 1599 512 1672 quae
532 1578 755 1652 ambulando
773 1580 976 1672 poterimus
994 1578 1243 1673 contemplari.
1258 1583 1368 1650 -Ιο,
1387 1577 1454 1652 llic

278 1706 386 1795 poeta
411 1700 566 1773 ostendit
592 1699 749 1793 qualiter
771 1699 930 1773 monitus
950 1720 971 1772 a
990 1698 1139 1794 Virgilio
1160 1698 1309 1772 recessit
1326 1698 1374 1771 ab
1391 1718 1455 1770 ar-

278 1820 369 1893 bore
395 1826 432 1893 et
456 1820 607 1894 accessit
631 1819 678 1893 ad
708 1819 867 1913 spiritus,
899 1819 963 1912 qui
988 1819 1243 1914 purgabantur
1273 1817 1333 1891 ibi.
1361 1817 1455 1891 Dicit

279 1960 369 2035 ergo
389 1941 529 2012 statim:
551 1944 593 2011 lo
611 1942 699 2012 votsi
714 1942 742 2012 it
761 1943 848 2030 niso,
870 1939 1017 2029 scilicet,
1037 1938 1246 2030 mentalem,
1265 1941 1318 2009 e'l
1329 1958 1453 2029 posco,

278 2059 383 2150 idest,
409 2080 621 2153 processum
648 2058 694 2130 ad
720 2059 818 2131 aliud
853 2057 1166 2154 pertractandum,
1192 2078 1262 2129 non
1295 2077 1372 2128 men
1400 2065 1454 2129 to-

278 2187 345 2271 sto,
372 2179 475 2272 quasi
493 2179 608 2252 dicat:
628 2178 768 2253 removi
789 2179 924 2272 pariter
942 2179 1092 2253 oculum
1112 2184 1147 2252 et
1168 2177 1298 2272 pedem
1315 2178 1363 2250 ab
1389 2198 1454 2250 ar-

278 2299 380 2390 bore,
396 2318 564 2389 opprerso
589 2301 708 2387 troni,
729 2299 875 2390 scilicet,
897 2297 1088 2393 Virgilium
1114 2304 1153 2371 et
1177 2297 1334 2370 Statium
1362 2317 1452 2391 poe-

278 2424 345 2512 tas,
363 2421 422 2490 clre
441 2421 624 2510 porteion
640 2422 702 2507 sie,
721 2418 821 2511 idest,
841 2425 916 2492 tam
935 2416 1090 2491 dulciter
1116 2423 1153 2490 et
1177 2416 1451 2510 delectabiliter,

278 2542 338 2611 cie
364 2542 412 2610 mi
433 2543 561 2632 (ocean
588 2541 743 2611 tendor
768 2546 862 2611 costo
887 2541 925 2611 di
948 2540 1067 2628 nntto;
1089 2535 1191 2629 quasi
1218 2535 1324 2628 dicat,
1351 2534 1452 2629 quod

278 2660 420 2732 nullum
449 2658 613 2732 laborem
632 2658 832 2732 sentiebam
853 2659 887 2730 in
906 2642 1047 2750 eundo;
1073 2665 1111 2731 et
1136 2656 1281 2746 merito,
1308 2655 1394 2749 quia
1415 2656 1452 2728 in

278 2779 351 2852 vita
378 2779 532 2872 populus
559 2799 735 2852 romanus
761 2778 936 2853 currebat
961 2777 1129 2851 certatim
1155 2776 1201 2848 ad
1225 2774 1449 2849 audiendum

276 2901 497 2972 alterutrum
525 2899 679 2972 istorum
707 2905 922 2993 poetarum,
950 2898 1024 2969 imo
1042 2895 1149 2970 bodie
1168 2894 1335 2969 videmus
1353 2895 1452 2967 mul-

277 3025 333 3092 tos
361 3018 467 3091 avide
497 3038 722 3092 concurrere
754 3018 800 3091 ad
835 3016 1059 3091 audiendum
1093 3014 1203 3088 libros
1236 3015 1391 3087 istorum
1422 3015 1451 3087 si

276 3136 320 3209 sit
346 3136 475 3229 aliquis
501 3136 596 3210 bene
621 3137 747 3232 legens
772 3142 809 3209 et
834 3135 1047 3231 intelligens.
1067 3137 1110 3208 lit
1132 3135 1247 3231 tangit
1264 3133 1450 3227 quomodo

277 3247 631 3349 appropinquavitt²l
659 3256 704 3328 ad
730 3255 888 3350 spiritus,
916 3255 1001 3348 quia
1027 3255 1166 3328 audivit
1191 3274 1324 3345 voces;
1352 3252 1450 3327 unde

276 3373 381 3448 dicit:
408 3382 441 3446 et
463 3396 541 3448 ecco
566 3378 699 3465 dedic,
726 3375 828 3468 idest,
853 3376 1021 3449 auditum
1047 3375 1127 3465 luit,
1143 3377 1296 3466 ptonper
1321 3396 1339 3446 e
1362 3395 1450 3448 con-

277 3502 349 3585 tar,
368 3494 455 3587 quia
474 3495 522 3568 illi
543 3495 589 3569 de
613 3496 826 3590 purgatorio
844 3494 1020 3589 plorando
1038 3501 1197 3587 cantant,
1216 3499 1252 3569 et
1269 3494 1450 3568 cantando

278 3616 422 3709 plorant
447 3621 597 3708 propter
623 3634 724 3708 spem
752 3620 789 3688 et
810 3635 978 3709 poenam3
997 3620 1034 3688 et
1051 3634 1137 3689 ecce
1154 3613 1241 3708 quid
1262 3614 1449 3688 dicebant:

277 3736 386 3807 Labici
403 3755 493 3825 rnen,
511 3737 673 3824 Domine,
692 3733 792 3827 idest,
811 3734 898 3807 illud
920 3734 1057 3807 dictum
1078 3733 1331 3829 propheticum
1351 3734 1449 3827 quod

275 3857 323 3930 ad
360 3877 489 3930 omnes
523 3855 650 3929 laudes
683 3855 823 3929 divinas
856 3855 1084 3948 decantatur,
1119 3855 1268 3949 scilicet,
1301 3857 1450 3927 Domine

277 3977 372 4047 lobio
404 3996 481 4047 meo
516 3978 652 4067 operies
678 3982 710 4047 et
733 3996 773 4047 os
799 3996 909 4047 nienrn
935 3977 1154 4048 annuntiabit
1177 3978 1314 4048 taudem
1340 3982 1448 4047 tuam.

273 4095 365 4181 Quae
391 4095 511 4169 oratio
537 4095 674 4188 optime
700 4096 873 4191 competit
897 4094 1035 4191 gulosis
1060 4094 1146 4189 istis,
1173 4095 1276 4188 quasi
1310 4095 1449 4168 dicant:

274 4209 384 4282 Labia
412 4217 449 4285 et
474 4231 515 4284 os
542 4231 625 4304 quae
653 4212 803 4286 exercui
830 4212 989 4284 multum
1020 4218 1058 4286 et
1087 4232 1184 4307 saepe
1213 4211 1258 4285 ad
1291 4211 1450 4285 mandu-

274 4330 433 4404 candum
460 4336 497 4405 et
523 4330 733 4424 bibendum,
760 4352 869 4424 nunc,
895 4352 919 4405 o
949 4332 1059 4425 Deus,
1085 4333 1186 4427 aperi
1218 4333 1264 4406 ad
1295 4331 1450 4406 laudan-

337 4516 364 4575 t)
381 4517 407 4564 S·
424 4529 439 4565 e
456 4517 487 4567 E.
504 4526 650 4582 preceptor
667 4532 740 4568 meus
756 4524 782 4569 et
798 4519 962 4570 informator.

339 4590 366 4653 l'l
383 4592 409 4643 S·
426 4606 441 4642 e
459 4594 489 4644 E.
506 4597 759 4660 appropinquaverit.
