3458 5602
575 501 714 556 esurus
740 501 931 556 vruusruus
957 500 1151 555 strennuus.
1402 489 1447 555 35

274 650 391 746 poetis
416 647 534 721 latinis
561 646 658 719 lama
684 645 812 741 dignis,
830 646 890 719 cui
917 645 1087 741 Virgilius
1105 645 1299 739 respondet
1319 645 1365 719 de
1383 645 1449 719 illis

273 777 311 845 et
335 769 414 841 aliis
440 766 565 839 multis
590 772 665 838 tam
691 765 822 859 graecis
848 787 961 859 quam
988 765 1116 838 latinis
1136 765 1228 839 Dicit
1252 786 1342 861 ergo
1368 766 1449 840 Sta-

274 890 367 963 tius:
399 894 448 960 lt
473 891 622 978 dunque,
648 890 755 980 poeta
789 907 935 982 magne,
961 889 1021 958 cbe
1051 890 1163 959 levato
1194 889 1254 960 bat
1277 890 1305 960 u
1327 910 1450 980 coper-

273 1012 364 1099 cltr‘o,
399 1009 505 1099 idest,
540 1007 603 1102 qui
636 1006 800 1081 detexisti
835 1007 958 1080 velum
999 1007 1214 1102 ignorantiae
1251 1030 1355 1103 meae,
1392 1013 1451 1083 cte

275 1131 531 1202 rn'oscondevo
557 1133 687 1219 quanto
718 1127 801 1199 berre
829 1129 864 1197 to
894 1129 985 1216 dtc0,
1016 1126 1161 1220 scilicet,
1188 1127 1328 1201 bonum
1355 1128 1448 1223 fidei,

275 1250 354 1324 sine
380 1270 455 1343 quo
482 1270 554 1322 non
579 1246 794 1342 pervenitur
819 1246 864 1319 ad
886 1267 1074 1320 summum
1098 1247 1253 1341 bonum3
1272 1250 1375 1342 quasi
1395 1249 1451 1322 di-

274 1376 354 1444 cat:
382 1369 445 1462 qui
472 1368 583 1443 iecisti
610 1388 671 1441 me
697 1366 957 1459 christianum
984 1368 1042 1440 vel
1069 1367 1143 1440 dic:
1171 1375 1211 1439 tu
1238 1369 1362 1441 levasti
1386 1391 1451 1444 ve-

276 1488 412 1582 lamen,
438 1488 507 1561 sob
533 1509 607 1581 quo
633 1487 773 1560 stabam
801 1487 978 1578 occultus,
998 1485 1083 1579 quia
1102 1486 1237 1560 scilicet
1254 1488 1452 1583 ignoraba-

275 1614 339 1681 tur
365 1615 491 1681 utrum
519 1628 637 1682 essem
665 1612 835 1680 mortuus
859 1627 1024 1702 paganus
1049 1627 1097 1679 an
1123 1607 1360 1701 christianus,
1388 1610 1452 1683 sed

274 1729 378 1824 prior
395 1727 571 1823 expositio
589 1727 733 1801 videtur
753 1726 868 1823 magis
885 1726 1004 1799 amica
1022 1726 1158 1819 literae3
1177 1732 1213 1800 et
1232 1727 1336 1800 dicit:
1355 1750 1452 1805 mert-

275 1856 331 1922 tre
355 1850 414 1921 cbe
439 1851 496 1922 del
517 1850 625 1920 satire
650 1869 750 1920 ouem
775 1850 966 1937 severella,
990 1846 1091 1941 idest,
1110 1847 1226 1921 donec
1253 1854 1365 1921 restat
1386 1849 1452 1922 ali-

275 1969 364 2063 quid
390 1968 436 2042 de
461 1968 519 2043 die
544 1969 581 2041 in
606 1989 680 2061 quo
706 1968 905 2042 ascendere
930 1988 1143 2062 possumus3
1170 1971 1315 2040 dimme:
1341 1967 1455 2044 dov'e*

282 2091 450 2161 Termaio
476 2095 598 2160 nostro
629 2091 754 2160 antico.
781 2087 846 2160 Hic
876 2087 1067 2160 Terentius
1097 2086 1164 2159 luit
1194 2095 1301 2181 poeta
1335 2089 1453 2161 maxi-

277 2229 364 2281 mus
377 2200 427 2300 (¹),
454 2208 517 2300 qui
535 2206 674 2302 scripsit
691 2206 891 2280 comoedias
908 2206 1139 2280 delectabiles
1159 2206 1299 2300 Romae,
1316 2208 1353 2279 in
1372 2208 1453 2301 qui-

278 2328 350 2401 bus
375 2327 522 2421 proprie
545 2326 733 2420 descripsit
752 2347 875 2400 mores
888 2327 1083 2421 juvenum,
1101 2327 1257 2420 senium,
1285 2327 1454 2402 domino-

280 2468 378 2540 rum,
405 2467 612 2540 servorum,
639 2447 892 2539 meretricum,
925 2447 1112 2541 lenonum,
1143 2447 1378 2521 adulatorum
1395 2439 1452 2542 (Ἃ

279 2568 348 2641 luit
374 2567 520 2641 natione
545 2564 832 2662 carthaginensi3
859 2564 1015 2639 Romam
1043 2567 1141 2640 venit
1167 2567 1332 2661 captivos
1359 2573 1454 2640 tem-

279 2707 370 2783 pore
396 2686 520 2782 magni
546 2685 739 2778 Scipionis,
769 2705 840 2758 non
868 2684 1033 2779 pileatuS,
1057 2686 1150 2758 sicut
1167 2693 1222 2758 est
1247 2685 1454 2759 communis

279 2827 387 2882 error
413 2806 630 2895 multorum,
656 2804 741 2897 quia
769 2803 828 2877 ille
852 2803 919 2876 luit
942 2805 1036 2878 alter
1053 2804 1244 2877 Terentius
1266 2825 1454 2897 romanus,

280 2928 456 3002 liberatus
482 2946 547 3020 per
572 2924 789 3018 Scipionem,
817 2930 857 2997 ot
883 2930 982 3018 patet
1007 2944 1073 3019 per
1099 2924 1298 3017 Valerium,
1321 2929 1357 2998 et
1383 2925 1456 2997 Eu-

281 3047 425 3121 sebium
456 3045 549 3117 libro
581 3049 813 3138 temporum:
846 3044 892 3117 de
918 3044 986 3116 isto
1018 3044 1137 3117 dicam
1171 3045 1312 3139 plenius
1344 3065 1456 3137 super

281 3164 438 3239 Valerio.
470 3166 605 3252 como,
623 3163 716 3236 alios
734 3168 841 3257 poeta
859 3162 1003 3258 latinus,
1022 3163 1128 3236 cuius
1146 3163 1342 3237 sententias
1360 3184 1457 3259 saepe

281 3285 381 3380 pouit
406 3284 610 3358 Macrobius
641 3284 734 3357 libro
766 3283 1027 3377 Saturnalium,
1055 3305 1147 3377 quas
1178 3284 1348 3380 Virgilius
1374 3285 1457 3357 imi-

282 3411 405 3498 tator3
435 3407 567 3477 Plauto.
598 3404 662 3477 llic
688 3404 756 3476 luit
782 3403 910 3476 nobilis
935 3410 1042 3497 poeta
1068 3404 1201 3477 latinus
1216 3394 1265 3497 (³),
1294 3411 1334 3476 ut
1360 3410 1458 3498 patet

283 3546 348 3620 per
374 3525 533 3598 Tullium
560 3524 595 3597 in
626 3523 746 3618 primo
777 3523 1083 3616 Tusculanarum,
1111 3522 1179 3596 luit
1204 3524 1457 3616 eloquentissi-

285 3668 367 3720 mus
393 3667 461 3719 suo
487 3652 665 3740 tempore,
687 3650 723 3717 et
743 3650 946 3716 scommata
976 3643 1102 3737 pulcra
1133 3643 1278 3737 iaciens,
1302 3650 1343 3716 ut
1367 3645 1460 3717 scri-

285 3764 335 3839 bit
366 3764 408 3838 A.
447 3763 583 3838 Gellius
616 3763 708 3837 libro
743 3761 912 3835 Noctium
944 3763 1151 3855 atticarum,
1185 3769 1222 3837 et
1254 3762 1458 3836 secundum

287 3885 462 3961 Senecam
490 3884 557 3956 luit
581 3882 755 3975 sarcinas,
782 3881 884 3975 idest,
902 3882 948 3957 de
968 3882 1116 3956 Sam-ina
1136 3882 1286 3974 antiqua
1314 3883 1460 3959 civitate

286 4005 556 4081 Romandiolae:
582 4003 723 4098 scripsit
749 4004 894 4098 pulcras
920 4003 1118 4077 comoedias
1148 4002 1186 4074 in
1217 4003 1346 4078 maiori
1373 4025 1460 4102 ege-

288 4131 377 4200 state
410 4146 523 4218 quam
559 4122 706 4215 Statius,
732 4122 819 4216 quia
852 4123 897 4196 de
928 4122 987 4196 die
1022 4122 1192 4196 volvebat
1222 4125 1358 4197 molam
1392 4148 1459 4221 pro

289 4245 396 4339 ricto,
423 4244 469 4319 de
495 4250 602 4318 nocte
628 4263 719 4317 vero
740 4242 931 4316 scribebat.
959 4247 991 4314 E
1018 4248 1143 4316 Varro.
1170 4243 1235 4318 llic
1261 4245 1327 4317 luit
1353 4253 1459 4340 poeta

348 4556 377 4619 (¹)
394 4560 448 4616 ¹¹⁷,
465 4570 582 4621 magnus.
832 4556 858 4617 (¹)
875 4555 900 4607 S.
918 4557 1105 4607 adulterorum.

349 4632 376 4692 P)
392 4637 447 4695 m,
463 4633 559 4683 lallnur
574 4638 635 4684 anta
651 4634 803 4684 Terentium
820 4634 949 4697 antiquior
966 4635 1048 4696 poetis
1065 4634 1160 4694 latinis,
1177 4638 1207 4682 ut
1223 4636 1301 4696 palat.
