3458 5602
607 504 747 559 cunnus
771 504 963 566 vronsrnus
986 504 1129 558 ramus.
1406 494 1449 558 19
1554 520 1555 523 ¹

275 648 508 742 int‘ellectivo,
526 647 614 741 quia
635 644 725 720 tunc
743 647 826 741 plus
850 646 1080 740 operatur-in
1098 647 1151 722 eis
1168 647 1285 721 virtus
1306 667 1450 721 eorum.

275 769 381 842 Nunc
411 768 457 842 ad
487 767 658 861 literam3
685 765 769 840 dicit
795 772 925 860 poeta:
956 771 1076 854 Queste
1101 770 1240 858 parole,
1265 766 1360 839 dicta
1385 784 1452 860 per

275 887 447 981 Statium,
468 890 584 960 ootser
605 889 747 977 Virgilio
769 907 793 957 a
814 907 868 958 me
885 906 952 958 con
969 889 1043 958 oisc
1068 887 1128 958 cta
1154 889 1313 976 macodo,
1338 886 1452 959 amic-

275 1000 454 1101 cando(¹)‚
472 1001 590 1081 duee:
610 1008 691 1095 tuot,
709 1005 855 1098 scilicet,
874 1026 960 1079 cum
981 1012 1074 1078 nutu
1094 1005 1208 1080 laciei.
1235 1006 1278 1078 m
1303 1006 1388 1081 dicit
1404 1005 1451 1078 ad

277 1127 552 1202 excusationem
579 1146 709 1220 suam3
728 1147 788 1197 ma
813 1130 850 1199 lo
873 1120 971 1199 vere
990 1126 1050 1198 rte
1067 1129 1177 1216 cocle,
1199 1125 1300 1218 idest,
1320 1126 1451 1199 volun-

277 1255 335 1320 tas
361 1248 420 1322 vel
444 1248 623 1342 appetitus
649 1246 900 1339 intellectivus,
926 1267 998 1318 oon
1022 1238 1093 1337 pud
1115 1251 1214 1336 tutto,
1231 1267 1342 1339 supra
1369 1267 1452 1340 pas-

277 1366 441 1440 sionem:
468 1373 505 1440 et
529 1367 690 1462 assignat
716 1364 896 1439 rationem
912 1355 948 1455 (¹)
976 1384 1063 1438 cum
1089 1364 1229 1438 subdit:
1251 1358 1313 1437 cle*
1334 1368 1408 1437 riso
1435 1387 1453 1438 e

274 1489 414 1580 ptunto,
439 1485 503 1579 qui
528 1491 614 1558 sunt
638 1484 823 1579 passiones
848 1483 992 1576 animae,
1012 1503 1078 1555 scm
1103 1490 1198 1556 tanto
1223 1488 1362 1576 sequaci
1379 1487 1453 1557 ullo

275 1608 437 1698 passion,
469 1603 572 1697 idest,
605 1603 730 1677 virtuti
765 1601 1046 1695 concupiscibili,
1080 1604 1130 1674 du
1163 1605 1222 1674 cde
1251 1606 1454 1676 auscensi

277 1727 409 1816 spicum
426 1723 527 1815 idest,
546 1722 777 1815 exciduntur,
795 1723 855 1794 cte
880 1741 958 1793 men
982 1740 1112 1810 sepnor
1136 1723 1245 1812 voler,
1263 1720 1367 1813 idest,
1386 1742 1454 1795 vo·

280 1842 473 1935 luntatem,
499 1844 556 1913 nei
578 1835 643 1932 piri
677 1843 806 1930 voum,
831 1840 934 1933 idest,
961 1838 1072 1912 etiam
1099 1838 1135 1911 in
1161 1839 1452 1933 sapientioribus,

281 1961 369 2055 quia
390 1959 501 2034 edam
519 1959 617 2033 viros
635 1959 815 2053 sapientes
841 1964 879 2032 et
899 1957 1077 2032 veridicos
1097 1964 1241 2052 oportet
1258 1958 1455 2052 aliquando

280 2080 404 2154 ridere
429 2085 466 2153 et
490 2079 636 2173 plorare
654 2064 777 2171 invite,
795 2076 999 2151 secundum
1021 2077 1183 2150 laetitiam
1210 2084 1246 2153 et
1272 2078 1454 2151 tristitiam

281 2198 418 2293 quibus
442 2198 664 2272 afficiuntur.
680 2202 792 2270 -In
820 2197 885 2270 Hic
909 2204 1017 2290 poeta
1047 2198 1202 2271 ostendit
1232 2199 1390 2291 qualiter
1416 2218 1456 2272 se

206 2351 211 2356 ·
283 2325 429 2393 tacente
454 2338 540 2391 cnm
560 2317 697 2413 lingua,
719 2316 866 2390 locutus
891 2316 958 2389 luit
983 2336 1068 2389 cum
1091 2316 1192 2410 visu3
1211 2336 1257 2391 ex
1275 2338 1350 2410 quo
1376 2317 1457 2390 Sta-

284 2438 359 2510 tius
383 2436 588 2531 suspicione
613 2443 718 2529 capta
743 2434 926 2509 adiuravit
951 2455 1038 2508 eum
1066 2441 1108 2507 ut
1136 2434 1274 2510 diceret
1304 2456 1456 2509 causam

284 2557 342 2630 sni
369 2556 475 2629 risus.
502 2555 593 2628 Dicit
619 2575 729 2651 ergo:
757 2559 797 2626 lo
820 2575 892 2646 pur
909 2557 1048 2644 somni,
1066 2575 1162 2626 corne
1181 2558 1298 2627 tuom
1319 2559 1459 2628 cl'um-
1496 2539 1500 2547 ’

284 2681 406 2768 micro,
433 2675 536 2767 idest,
562 2675 625 2768 qui
650 2673 798 2748 inclinat
824 2673 953 2748 laciem
979 2673 1207 2748 connivendo
1221 2665 1258 2765 (³)
1278 2677 1335 2749 vel
1354 2676 1459 2748 affir-

285 2796 422 2870 mando
446 2795 601 2888 aliquid:
623 2790 754 2887 percle*
776 2795 949 2884 tomba,
975 2792 1121 2884 scilicet,
1140 2792 1253 2886 Statii,
1282 2796 1314 2865 si
1339 2801 1460 2884 raeque

285 2937 304 2987 e
323 2915 583 3005 npuordcmmi
598 2915 691 3004 nepti
706 2914 814 3002 occdi,
832 2932 896 2984 ove
908 2914 933 2984 ’l
955 2912 1143 2983 semblable
1156 2907 1218 3003 ptri
1242 2914 1274 2983 st
1295 2915 1394 3003 ficcu.
1417 2911 1461 2984 Et

284 3032 386 3127 ponit
411 3031 624 3126 petitionem
649 3031 730 3106 eius
755 3031 897 3104 dicens:
924 3032 1028 3120 dese,
1054 3030 1114 3103 ille
1137 3029 1284 3123 Statius,
1302 3033 1386 3102 det!
1403 3030 1458 3103 lo-

287 3151 416 3245 quitur
448 3150 689 3225 admirative:
720 3146 849 3242 percle*
878 3153 915 3222 lo
942 3152 1059 3242 [uodo
1093 3156 1166 3240 tuo,
1196 3170 1280 3243 quae
1314 3149 1461 3223 videtur

286 3269 377 3343 mibi
402 3269 518 3365 rigida
545 3270 708 3362 honesta,
729 3271 984 3341 dimostrommi
1007 3289 1055 3340 un
1081 3271 1301 3360 lompepptur
1324 3271 1362 3340 dt
1387 3270 1462 3340 riso

289 3398 422 3482 eroso,
456 3389 557 3482 idest,
589 3409 687 3462 nunc
716 3408 826 3481 nunc,
851 3410 889 3461 se
920 3391 1087 3461 ossommi
1116 3396 1211 3461 tuoto
1246 3391 1371 3460 lavoro
1405 3390 1463 3459 in·

289 3515 408 3582 seme?
427 3507 538 3596 Quasi
554 3507 667 3581 dicat:
689 3506 719 3581 si
736 3507 835 3580 Deus
851 3506 912 3580 det
935 3506 997 3579 tibi
1017 3513 1156 3582 tantam
1174 3507 1345 3602 gratiam,
1363 3504 1463 3599 quod

290 3627 446 3702 feliciter
470 3626 635 3722 perficias
662 3635 737 3700 tam
764 3625 990 3699 laboriosum
1015 3645 1120 3719 opns,
1147 3625 1197 3698 ita
1229 3625 1327 3717 quod
1353 3623 1464 3695 simul

290 3752 411 3820 totum
444 3748 650 3840 aggreges?
674 3744 718 3818 Et
746 3750 854 3839 poeta
880 3743 1011 3818 deinde
1040 3745 1206 3839 loquitur
1241 3750 1278 3818 et
1310 3741 1466 3816 ostendit

291 3886 397 3940 suam
425 3864 702 3960 perplexitatem
735 3884 780 3937 ex
812 3864 998 3937 contrario
1029 3870 1115 3937 voto
1148 3863 1308 3937 duorum
1340 3869 1466 3957 poeta-

292 4005 390 4078 rum,
412 3980 499 4077 qnia
516 3990 698 4077 praecepto
717 3983 825 4056 unius
843 4003 915 4056 non
932 3986 1075 4075 poterat
1092 3982 1286 4074 contraire,
1305 3989 1343 4055 et
1363 3982 1468 4056 adin·

292 4102 425 4178 rationi
450 4102 602 4177 alterius
619 4123 693 4176 non
709 4102 879 4176 audebat.
898 4102 1000 4176 Unde
1017 4100 1121 4175 dicit:
1144 4106 1197 4174 Or
1216 4123 1281 4175 son
1301 4106 1336 4175 io
1353 4106 1467 4177 duna

290 4229 395 4314 purte
410 4243 430 4294 e
445 4223 480 4295 d
489 4224 584 4294 ultra
597 4243 725 4315 preso,·
751 4221 856 4315 quasi
878 4221 993 4296 dicat:
1012 4219 1112 4315 loqui
1129 4221 1337 4315 prohibeor,
1356 4229 1394 4296 et
1411 4229 1467 4296 ta-

293 4359 381 4415 cere
406 4360 480 4414 non
504 4360 654 4434 possum
670 4366 678 4412 :
697 4344 819 4432 tuno,
837 4340 982 4433 scilicet,
1000 4339 1182 4436 Virgilius,
1209 4345 1258 4413 mi
1278 4346 1319 4436 so
1339 4348 1465 4432 meere,

357 4595 388 4661 (¹)
403 4596 434 4647 B.
450 4597 588 4649 mnundo.
645 4596 673 4662 (¹)
690 4603 744 4661 11⁷,
761 4612 866 4650 cauum
881 4598 988 4651 rationis
1003 4612 1065 4649 cum
1080 4598 1175 4648 subdit.
1231 4596 1259 4660 (⁸)
1275 4596 1306 4647 B.
1322 4586 1467 4647 annuendo.
