3458 5602
606 463 746 518 emens
771 465 962 518 monemus
985 465 1128 520 ramus.
1402 459 1446 524 21

280 607 330 681 cit
356 627 467 703 ergo:
498 599 565 680 did
588 611 827 700 s'iactincoo,
858 608 918 681 ille
943 607 1078 682 Statius
1108 609 1274 683 urbanus
1300 618 1337 685 et
1361 632 1450 708 gra-

279 733 351 821 tus,
377 731 428 800 ud
452 727 662 799 oddrmcior
687 731 827 819 lipiedi
852 731 891 799 al
913 730 983 799 mio
1011 729 1160 819 dacore,
1186 729 1293 803 cuius
1324 751 1364 804 se
1396 731 1452 805 di-

278 849 461 944 scipulum
486 847 689 942 profitetur.
716 847 760 920 Et
785 848 844 921 hic
869 855 954 921 nota
981 849 1080 942 quod
1099 856 1208 944 poeta
1228 849 1324 924 bene
1349 849 1452 946 fingit

280 966 436 1040 Statium
463 965 623 1040 voluisse
648 967 892 1060 procumbere
909 968 955 1042 ad
971 968 1082 1062 pedes
1098 967 1129 1039 V
1131 968 1248 1063 irgiiii,
1270 970 1357 1063 quia
1375 970 1451 1063 ipse

281 1087 418 1161 Statius
448 1088 518 1160 hoe
552 1094 704 1160 testatus
739 1087 860 1161 estin
894 1088 988 1180 vita3
1021 1109 1106 1162 nam
1141 1089 1304 1182 perfecto
1338 1110 1451 1184 opere

282 1207 411 1280 maiori
429 1207 526 1280 circa
544 1207 643 1300 quod
660 1207 893 1281 laboraverat
909 1206 1102 1281 duodecim
1122 1208 1239 1301 annis,
1257 1208 1351 1282 sicut
1369 1209 1451 1282 Vir·

279 1326 388 1423 gilius
413 1327 451 1399 in
475 1347 545 1401 suo
570 1327 754 1421 undecim,
771 1327 856 1401 dicit
872 1328 909 1400 in
927 1326 998 1402 fine
1018 1328 1112 1402 libro
1129 1349 1217 1402 suo:
1238 1334 1308 1402 Nec
1333 1338 1368 1402 tu
1393 1334 1450 1404 di-

279 1449 399 1518 oinam
423 1449 559 1519 Erreidu
584 1454 710 1538 tempto
734 1449 803 1519 Sed
826 1449 930 1536 lonae
957 1467 1099 1538 sequere
1127 1455 1160 1519 et
1189 1451 1334 1538 vestiotur
1357 1471 1450 1521 sem-

271 1588 342 1660 per
366 1569 495 1640 adora
520 1567 565 1639 Et
589 1566 709 1640 subdit
724 1559 774 1658 (¹),
800 1567 987 1659 quomodo
1011 1566 1183 1662 Virgilius
1215 1560 1447 1659 remiserint)

276 1686 447 1780 Statium,
471 1687 614 1760 dicens:
641 1708 702 1758 ma
717 1689 786 1777 elii,
806 1686 953 1779 scilicet,
972 1685 1153 1782 Virgilius,
1175 1689 1286 1759 duae:
1303 1692 1450 1780 ofrate,

276 1827 349 1878 noo
363 1810 440 1900 sar,
454 1826 535 1881 rem
553 1796 745 1898 vanam(³),
758 1801 819 1878 clre'
830 1813 865 1878 tu
877 1806 1085 1877 edomitae
1097 1806 1223 1877 omero
1236 1809 1330 1878 cedi:
1344 1806 1449 1898 quasi

276 1926 392 2001 dicat:
421 1933 578 2019 uterque
601 1931 769 1999 nostrum
795 1931 851 1998 eet
874 1924 998 1998 anima
1022 1932 1190 2018 separata
1216 1924 1448 2020 intangibiiis,

278 2046 502 2121 insensibilis.
528 2045 665 2120 Deinde
690 2044 786 2138 dicit,
812 2044 911 2138 quod
939 2045 1074 2118 Statius
1087 2032 1125 2136 (⁴)
1158 2045 1300 2119 urbane
1332 2065 1449 2118 excu-

276 2166 371 2242 savit
396 2186 564 2241 errorem
594 2187 724 2257 suum;
752 2164 850 2239 unde
881 2164 984 2238 dicit:
1010 2171 1044 2237 et
1070 2168 1114 2256 ei,
1140 2165 1286 2258 scilicet,
1313 2164 1449 2238 Statius

276 2286 481 2383 respondit:
512 2289 703 2377 amatodo,
738 2306 783 2357 or
810 2289 896 2378 puoi
925 2289 1155 2377 commender
1191 2289 1228 2359 ta
1261 2289 1450 2379 quantitate

276 2410 488 2497 dedicator,
512 2405 666 2497 ardenti,
692 2407 778 2477 ct'u
803 2412 835 2478 te
858 2407 907 2476 mi
934 2407 1071 2496 scaldo,
1097 2405 1143 2480 ad
1172 2406 1372 2479 amandum
1400 2412 1448 2498 te,

276 2529 421 2619 quondo
444 2527 613 2598 ἀίεηιεπιο
637 2531 761 2596 nostru
786 2526 950 2614 cantate,
970 2524 1074 2618 idest,
1090 2525 1285 2598 obliviscor
1302 2532 1447 2598 naturae

278 2653 525 2737 mortuorum,
551 2644 613 2739 qui
639 2650 725 2716 sunt
751 2643 834 2717 vani
850 2635 900 2736 (⁵),
927 2644 1034 2718 vacui
1060 2663 1227 2738 corpore,
1265 2647 1447 2719 traucndo

276 2769 446 2858 comere,
471 2765 573 2859 idest,
602 2765 743 2838 animas
772 2764 855 2837 licet
885 2763 1061 2856 visibiles;
1092 2785 1187 2836 come
1216 2784 1300 2836 cosa
1329 2767 1447 2856 saida,

278 2887 380 2979 ideet,
406 2905 636 2979 corpoream,
661 2883 880 2958 sensibilem.

340 3138 367 3199 (¹)
384 3138 415 3187 li.
432 3137 466 3187 Bt
481 3137 567 3186 subdit
583 3141 660 3186 autor
674 3137 814 3200 quomodo.
949 3135 976 3197 (Ἴ
991 3134 1017 3185 S.
1035 3135 1180 3185 retraxerit.

340 3213 367 3275 (⁸)
383 3214 414 3264 E.
430 3226 548 3264 mmm·
947 3211 974 3274 (⁸)
991 3214 1045 3271 1¹⁷,
1062 3209 1158 3262 Statius
1173 3212 1256 3262 voluit
1271 3225 1404 3263 excusare.

341 3289 368 3351 ι’)
384 3290 416 3341 li.
432 3289 491 3339 ml
506 3294 533 3340 et
549 3302 660 3353 corpore
675 3289 758 3350 vacui,
775 3289 915 3339 ommno
