3458 5602
585 450 723 506 murus
748 452 940 507 vrnnsruns
964 452 1160 508 sncnunus.
1409 445 1454 510 39

280 590 369 665 vidit
395 600 563 668 extrema
594 595 760 669 omnium
794 596 1036 690 tristitiarum,
1067 599 1213 692 scilicet,
1249 601 1451 674 caecitatem

279 718 520 806 spontaneam
545 715 670 809 patris,
697 722 855 790 mortem
883 716 1129 790 voluntariam
1159 719 1285 791 matris
1300 711 1350 812 (⁴),
1370 741 1455 792 mu-

281 837 385 905 tuam
414 840 574 907 mortem
601 834 770 928 fratrum,
788 835 1003 910 servitutem
1026 837 1165 930 patriae,
1184 848 1222 913 et
1244 844 1295 911 tot
1322 860 1453 934 regum

280 952 469 1027 interitum
497 974 582 1028 cum
618 955 693 1027 suis
728 956 960 1029 exercitibus.
974 998 1024 1009 -
1045 961 1171 1030 Vedesi.
1198 958 1263 1033 Hic
1283 957 1454 1055 Virgilius

280 1073 446 1147 nominat
458 1073 567 1148 aliam
581 1075 825 1171 Hypsypilem,
840 1096 924 1170 quae
942 1075 1009 1148 suit
1024 1097 1200 1172 magnum
1214 1078 1405 1173 speculum
1416 1070 1454 1170 (¹)

278 1193 449 1289 fortunae,
475 1195 522 1268 de
547 1216 621 1289 qua
647 1195 785 1269 dictum
812 1202 867 1269 est
892 1196 1025 1270 Inferni
1053 1198 1211 1292 capitulo
1237 1199 1357 1271 XVIII.
1382 1199 1453 1272 Ista

278 1315 378 1388 enim
405 1314 555 1409 decepta
580 1334 603 1387 a
629 1315 762 1390 iasone
781 1315 929 1390 recessit
944 1315 991 1388 ab
1009 1316 1127 1391 insula
1148 1318 1288 1391 Lemno
1300 1309 1349 1410 (³),
1369 1338 1454 1412 quae

277 1441 405 1529 postea
430 1434 561 1530 graecis
586 1434 815 1509 venientibus
842 1434 878 1506 in
908 1434 1134 1509 obsidionem
1167 1437 1389 1531 Thebarum,
1416 1444 1454 1511 ct

276 1555 530 1629 laborantibus
555 1555 623 1648 siti,
643 1555 861 1629 monstravit
879 1555 1016 1629 iontem
1035 1556 1100 1649 qui
1120 1558 1219 1630 solus
1242 1578 1315 1631 non
1341 1578 1453 1631 arue-

276 1683 336 1750 rat
361 1676 533 1750 siccitate.
559 1677 650 1750 Dicit
677 1697 785 1772 ergo:
812 1678 941 1765 Vedest,
961 1674 1055 1749 inter
1071 1675 1161 1749 alias
1179 1677 1352 1751 mulieres
1370 1679 1453 1751 illn-

274 1801 381 1888 stres,
400 1799 528 1887 quella,
546 1797 691 1889 scilicet,
705 1795 938 1891 Hypsypilem
957 1794 1067 1867 filiam
1081 1795 1252 1868 Thoantis
1271 1796 1378 1891 regie,
1393 1798 1452 1869 cte

275 1908 409 1988 mostrd
436 1920 587 2008 Lanpia,
614 1916 751 1990 iontem
779 1915 1004 1988 thebanum:
1031 1914 1076 1988 de
1101 1916 1171 1988 boc
1196 1914 1314 1987 dicam
1346 1917 1453 2010 plene

275 2037 371 2111 inira
403 2037 562 2131 capitulo
588 2037 712 2130 XXVI,
744 2036 826 2109 ideo
856 2035 914 2108 bic
945 2041 1170 2129 pertranseo,
1197 2035 1284 2129 quia
1316 2036 1365 2108 ibi
1398 2044 1454 2110 est

276 2156 425 2251 propria
453 2157 626 2249 materia3
645 2161 681 2230 et
698 2155 799 2228 dicit:
818 2157 896 2227 eoot
915 2156 951 2226 ta
964 2157 1065 2246 tatia
1081 2157 1119 2227 di
1140 2157 1285 2246 tiresia,
1304 2155 1452 2249 scilicet,

276 2276 437 2367 biantbo,
463 2275 509 2349 de
535 2297 609 2369 qua
635 2277 741 2370 piene
758 2275 895 2348 dictum
918 2282 973 2349 est
990 2274 1123 2348 inferni
1140 2274 1299 2369 capitulo
1317 2277 1395 2370 XX,
1415 2283 1452 2350 et

277 2395 335 2469 bic
361 2395 508 2469 videtur
533 2401 642 2468 autor
667 2394 917 2468 contradicere
935 2393 1012 2487 sibi,
1034 2393 1097 2488 qui
1122 2395 1243 2490 posuit
1269 2395 1374 2468 istam
1401 2394 1449 2468 ibi

275 2513 371 2589 inter
396 2514 630 2607 divinatores
657 2535 754 2588 nunc
779 2514 880 2608 ponit
905 2535 989 2588 cam
1008 2514 1103 2588 inter
1120 2515 1261 2587 animas
1283 2515 1449 2609 piorum,

274 2641 394 2729 potest
418 2633 488 2706 dici
509 2633 670 2707 breviter
689 2633 787 2727 quod
806 2634 862 2707 hic
881 2654 954 2706 non
974 2633 1118 2728 respicit
1137 2632 1183 2705 ad
1200 2633 1366 2725 limbum,
1386 2633 1449 2707 sed

273 2753 321 2827 ad
353 2773 543 2827 carcerem
579 2773 743 2826 caecum:
777 2775 795 2825 e
834 2758 920 2844 Tett,
952 2773 1036 2847 quae
1068 2753 1134 2825 fuit
1169 2759 1288 2825 mater
1323 2752 1448 2847 magni

276 2873 431 2965 Achillis,
457 2873 504 2947 de
528 2894 603 2968 qua
629 2873 735 2946 nimis
757 2873 896 2948 dictum
915 2881 968 2948 est
985 2874 1034 2945 lX
1053 2872 1212 2967 capitulo
1229 2872 1339 2945 huius
1357 2874 1451 2945 Pur-

276 2991 419 3088 gatorii,
445 3013 464 3063 e
495 3014 562 3065 coa
592 2996 623 3065 te
653 3015 758 3066 cuore
788 3015 847 3066 sae
872 2995 1059 3066 Deidamia
1093 3011 1190 3064 uxor
1222 2990 1379 3085 Achillis,
1406 2992 1453 3067 de

277 3132 348 3204 qua
375 3120 414 3186 et
440 3113 520 3186 eius
543 3114 730 3188 sororibus
747 3113 860 3186 habes
877 3113 984 3207 piene
1000 3113 1153 3207 praesato
1175 3113 1351 3207 capitu103
1369 3113 1451 3188 ideo

277 3231 362 3305 nihii
389 3232 447 3307 bic
464 3221 514 3325 (⁴).

355 3356 554 3426 Taceoanst.
581 3353 652 3425 lsta
683 3359 738 3426 est
768 3357 900 3445 quarta
932 3358 969 3425 et
1005 3352 1132 3426 ultima
1158 3374 1243 3447 pars
1268 3354 1451 3448 generalis

278 3472 378 3547 istius
396 3472 525 3546 nobiiis
542 3471 700 3567 capituli,
721 3491 791 3543 uon
815 3470 936 3542 minus
953 3462 1098 3544 curiosa
1116 3478 1153 3546 et
1173 3471 1318 3565 copiosa
1337 3493 1448 3566 quam

278 3592 367 3687 aliae,
384 3592 423 3664 in
440 3613 514 3687 qua
540 3598 647 3686 poeta
662 3583 699 3683 (⁵)
721 3590 834 3664 tendit
860 3590 907 3664 ad
932 3597 1077 3664 sextum
1107 3591 1298 3684 circulum,
1316 3591 1353 3663 in
1375 3612 1449 3684 quo

278 3713 428 3808 punitur
452 3713 564 3809 gula3
590 3718 627 3786 et
652 3711 771 3807 primo
797 3710 1013 3784 continuans
1043 3719 1186 3805 partem
1212 3711 1317 3805 parti,
1343 3711 1448 3783 dicit:

284 3835 472 3905 Taceoaast'
494 3822 554 3922 pid
575 3832 729 3903 ambidai
753 3833 778 3902 a·
798 3832 903 3922 poet,
930 3830 1032 3923 idest,
1046 3831 1124 3924 jam
1151 3830 1313 3904 fecerant
1339 3828 1449 3901 finem

279 3952 385 4026 nobili
419 3952 592 4044 sermoni,
619 3952 655 4023 in
687 3971 762 4045 quo
795 3957 848 4025 tot
879 3948 1005 4044 pulcra
1035 3956 1073 4022 et
1097 3948 1257 4043 jocunda
1294 3949 1449 4023 invicem

279 4077 578 4162 retractaverunt,
602 4073 640 4143 di
656 4090 770 4143 naono
787 4073 905 4142 attenti
921 4090 945 4139 a
961 4071 1160 4159 ripuardar
1179 4071 1334 4161 intorno,
1353 4070 1450 4143 circa

279 4211 409 4266 novam
436 4190 643 4283 materiam,
671 4198 798 4284 poetae,
824 4189 916 4282 dico,
944 4190 1043 4262 tuot
1068 4193 1131 4263 dal
1153 4194 1242 4263 satir
1263 4215 1281 4264 e
1302 4193 1364 4264 dat
1379 4212 1450 4281 pa-

337 4419 365 4482 (⁸)
382 4419 413 4469 Ε.
431 4419 520 4468 matris
536 4433 597 4480 ann,
613 4422 740 4469 mutuam.
944 4414 973 4478 (¹)
991 4421 1045 4477 1¹7,
1062 4417 1249 4480 spectaculum.

337 4495 365 4558 (⁸)
381 4495 412 4545 Β·
429 4496 549 4547 Lemnos·
946 4494 974 4557 (¹)
989 4495 1020 4545 lt.
1036 4495 1079 4546 bic
1094 4495 1127 4546 do
1143 4495 1202 4558 ipsis
1218 4493 1328 4544 dicetur.

338 4570 365 4634 t't
381 4572 413 4624 R
430 4576 506 4635 poeta
522 4577 610 4623 noster
626 4572 716 4622 tendit.
