3458 5602
602 497 740 552 caurus
766 499 957 554 moremus
982 501 1125 556 ramus.
1401 493 1444 557 17

274 640 391 715 lactus
416 640 635 715 christianus
660 661 727 734 per
750 641 882 735 ipsum.
910 641 1120 716 Secundum
1154 644 1315 737 primum
1342 645 1446 719 litera

274 765 330 834 est
352 759 405 833 sic
431 759 666 855 exponenda:
694 764 740 832 Le
766 763 899 853 saville,
926 760 1028 853 idest,
1059 761 1154 837 dicta
1185 762 1321 858 Virgilii
1351 772 1447 838 tam·

275 900 387 974 quam
416 878 510 952 vivae
541 878 715 971 scintille,
740 881 832 952 mide
861 900 950 952 sono
983 882 1152 970 demut,
1182 880 1285 968 idest,
1311 881 1448 955 illumi·

276 999 361 1091 uati,
375 993 439 1090 piri
454 1001 493 1070 di
508 1000 611 1088 molle,
631 997 719 1090 quia
740 998 856 1071 multa
883 998 993 1073 millia
1019 998 1218 1072 latinorum
1244 1000 1450 1075 didicerunt

276 1117 455 1212 poetriam
498 1124 535 1190 et
577 1117 824 1210 eloquentiam
868 1117 1051 1191 mediante
1092 1117 1264 1213 dogmate
1299 1119 1448 1216 Virgilii,

276 1239 335 1309 cde
363 1240 413 1308 mi
442 1237 586 1308 sochor
618 1237 713 1308 delto
739 1237 861 1308 ἀίυίηα
884 1237 1045 1327 flumme,
1070 1236 1172 1330 idest,
1198 1238 1447 1312 accenderunt

278 1361 440 1432 mentem
468 1375 589 1429 meam
616 1354 695 1427 eius
720 1354 885 1428 doctrina
909 1355 1041 1448 divina,
1064 1359 1105 1448 su
1128 1378 1231 1446 seme,
1258 1358 1362 1451 idest,
1388 1378 1448 1432 se-

279 1473 410 1548 mentis
435 1480 472 1548 el
506 1472 622 1565 radix,
649 1476 688 1544 cl
715 1476 784 1545 mio
815 1476 961 1565 ardore,
992 1474 1095 1568 idest,
1126 1476 1266 1550 ardenti
1303 1476 1449 1573 ingenio

279 1614 363 1668 meo
387 1593 434 1667 ad
460 1592 694 1687 poetandum.
715 1591 926 1666 Secundum
951 1592 1064 1666 alium
1091 1594 1316 1668 intellectum
1343 1596 1448 1669 litera

279 1712 330 1785 sic
364 1718 591 1806 exponatur:
626 1715 672 1781 Le
702 1714 822 1803 saville
855 1715 915 1785 cle
948 1716 996 1784 mi
1027 1716 1171 1785 scaldur
1202 1716 1294 1786 della
1329 1717 1449 1787 moino

276 1835 436 1923 mmo,
453 1829 599 1921 scilicet
616 1829 769 1904 caritate
786 1828 868 1904 fidei
891 1832 1108 1925 christiane,
1123 1836 1185 1925 sur
1205 1854 1328 1923 socom,
1346 1833 1452 1926 idest,

280 1944 479 2040 lueruntl')
517 1956 606 2022 tuuc
643 1948 844 2044 diminutae,
877 1955 917 2024 ul
945 1955 1015 2024 mio
1046 1956 1191 2046 ardore,
1225 1953 1328 2046 idest,
1364 1972 1475 2040 meo,

279 2069 422 2161 amori3
449 2069 553 2162 quasi
583 2067 679 2142 dicat
704 2069 860 2143 Statius:
895 2069 979 2145 licet
1011 2091 1034 2143 a
1067 2077 1104 2145 te
1138 2072 1330 2146 habuerim
1365 2091 1449 2144 cre-

279 2188 469 2262 dulitatem
494 2186 577 2260 lidei
604 2207 713 2280 verae,
741 2193 866 2262 tamen
896 2209 1002 2262 amor
1032 2210 1138 2263 meus
1170 2190 1238 2263 luit
1269 2190 1384 2263 simus
1413 2195 1450 2263 et

279 2309 400 2383 lentus
425 2307 499 2399 diu,
526 2313 563 2380 et
588 2307 639 2380 sic
665 2307 813 2401 peccavi
828 2298 864 2398 (¹)
884 2327 949 2401 per
974 2308 1162 2399 accidiam,
1180 2310 1274 2383 sicut
1293 2317 1449 2385 testatur

282 2427 390 2521 paulo
416 2433 505 2520 post.
524 2425 595 2500 Sed
612 2426 670 2500 hic
687 2433 786 2519 nota,
803 2426 902 2520 quod
920 2427 1002 2501 licet
1020 2435 1127 2522 poeta
1147 2430 1232 2502 velit
1250 2430 1348 2524 quod
1366 2430 1450 2505 Sta·

281 2546 353 2619 tius
378 2546 549 2620 babuerit
574 2544 763 2641 aVirgilio
789 2551 992 2640 utrumque
1017 2548 1170 2640 bonum,
1191 2549 1336 2643 scilicet,
1362 2572 1452 2645 poe-

282 2665 361 2738 trie
386 2671 424 2739 et
449 2662 544 2757 fidei,
567 2671 690 2738 tamen
715 2664 834 2757 prima
859 2665 1035 2758 expositio
1061 2665 1128 2739 luit
1145 2666 1296 2759 melior3
1313 2669 1401 2761 quia
1421 2669 1451 2741 si

283 2785 417 2859 Statius
442 2784 511 2858 luit
536 2784 761 2857 illuminatus
786 2784 926 2858 lumine
951 2784 1034 2859 fidei
1059 2805 1124 2878 per
1151 2785 1354 2880 Virgilium,
1379 2807 1452 2860 non

283 2905 381 2979 mille
405 2903 478 2996 alii,
503 2903 597 2976 sicut
621 2903 726 2977 litera
751 2903 855 2977 dicit:
882 2911 1061 2997 praelerea
1087 2904 1193 2978 litera
1211 2925 1369 2998 sequens
1387 2905 1452 2978 de—

283 3024 397 3098 clarat
427 3042 599 3117 expresse
624 3022 722 3116 quod
752 3021 916 3116 loquitur
946 3022 1148 3096 secundum
1178 3022 1340 3117 primum
1372 3043 1454 3096 mo·

283 3143 382 3216 dum.
414 3141 516 3215 Unde
549 3140 693 3214 subdit:
727 3142 804 3213 dell
816 3143 951 3213 Enetdr
981 3143 1072 3231 dico,
1111 3141 1176 3234 qui
1211 3141 1303 3214 liber
1338 3147 1455 3235 potest

284 3262 352 3337 dici
386 3261 577 3356 speculum
610 3261 784 3333 humane
815 3259 911 3353 vitae,
937 3260 1031 3334 sicut
1060 3259 1146 3334 dicit
1173 3260 1384 3336 Aristoteles
1409 3260 1455 3334 de

285 3381 443 3477 Odyssea
467 3378 617 3454 Homeri
647 3379 684 3451 in
709 3378 935 3471 Rhemricis3
961 3382 998 3451 lu
1026 3383 1111 3471 qual
1131 3381 1256 3471 summi
1286 3399 1454 3468 mumma,

286 3502 387 3594 idest,
406 3499 567 3574 mamilla
585 3498 710 3590 dulcis,
728 3498 786 3571 vel
807 3518 975 3599 mumma,
992 3498 1096 3591 idest,
1113 3505 1245 3590 mater,
1259 3497 1454 3592 propinans

287 3621 374 3696 mihi
399 3619 559 3714 primum
586 3618 643 3692 lac
667 3617 840 3710 poetriae3
867 3616 965 3690 unde
990 3616 1094 3690 dicit:
1121 3622 1201 3710 esu
1226 3621 1298 3689 mic
1322 3618 1455 3688 outmhc

284 3742 470 3835 pectendo,
496 3738 578 3811 ideo
603 3736 725 3810 studui
753 3735 835 3809 totis
862 3735 1000 3809 viribus
1029 3735 1162 3810 imitari
1192 3737 1310 3829 ipsum
1337 3754 1454 3827 opus3

287 3861 385 3936 unde
409 3858 512 3933 dicit:
537 3858 723 3930 senz'essa
746 3875 818 3927 nou
836 3856 967 3947 semul
983 3875 1067 3944 peso
1091 3855 1130 3925 di
1153 3855 1332 3941 drummu,
1350 3850 1455 3944 quasi
1600 3912 1606 3927 .

288 3981 393 4073 dicut,
419 3998 492 4052 non
518 3975 661 4050 firmavi
688 3974 883 4047 minimum
909 3979 1087 4068 punctum
1118 3971 1176 4045 vel
1207 3991 1366 4064 passum.
1394 3970 1457 4043 Est

288 4100 385 4175 euim
402 4097 577 4171 drachma
594 4093 792 4188 parvulum
810 4092 964 4187 pondus,
983 4110 1057 4184 quo
1075 4096 1230 4164 utuntur
1251 4088 1398 4163 medici:
1419 4095 1457 4164 et

288 4219 392 4310 bene,
419 4215 591 4310 quoniam
617 4212 753 4287 Statius
778 4212 816 4285 in
842 4233 910 4285 suo
935 4210 1136 4285 Thebaidos
1157 4229 1303 4305 semper
1330 4208 1458 4281 nititur

287 4336 419 4411 imitari
445 4333 581 4409 Eneida
607 4332 756 4427 Virgilii,
784 4351 857 4404 non
884 4330 1003 4404 solum
1025 4329 1062 4403 in
1080 4349 1236 4402 numero
1262 4328 1458 4418 librorum,

351 4594 378 4657 (¹)
393 4592 420 4643 S.
436 4592 543 4644 luerunt
559 4603 661 4642 summe
677 4589 818 4639 dimlumm
1005 4581 1034 4645 (¹)
1050 4584 1081 4636 E.
1096 4583 1198 4648 poetnl
1214 4594 1270 4646 per.

421 4698 460 4743 IV·
1311 4687 1325 4729 Ι
