3458 5602
606 512 744 567 esurus
769 514 960 568 vronsmus
987 514 1129 568 narnus.
1427 502 1449 569 3

277 656 333 725 tos
371 654 475 746 quasi
509 655 556 728 de
591 654 721 748 Josepb
756 655 846 748 nati,
881 676 966 729 oum
1003 661 1126 729 tamen
1160 656 1329 729 venerint
1363 656 1449 729 olim

276 770 322 845 de
347 772 482 847 Persia.
509 773 662 861 Quando
687 794 777 847 vero
803 775 972 848 videbant
994 796 1057 849 eos
1082 775 1220 848 deletos
1246 796 1320 849 non
1346 796 1451 849 com-

275 893 514 967 municabant
539 914 677 968 secum.
704 894 774 967 Ista
797 915 886 991 ergo
912 896 998 989 sitis,
1017 899 1066 967 mi
1082 898 1320 986 uuooptiauo,
1346 894 1450 988 idest,

277 1013 449 1087 turbabat
476 1020 512 1087 et
537 1013 709 1110 fatigabat
730 1015 818 1087 mibi
845 1022 1019 1109 mentem,
1038 1020 1262 1108 epuopeomt
1278 1019 1314 1087 lo
1329 1020 1449 1108 fratta,

277 1130 380 1225 idest,
398 1132 603 1206 festinantia
628 1133 839 1207 stimulabat
865 1155 926 1209 me
951 1142 992 1207 ut
1017 1135 1109 1209 irem
1131 1136 1215 1228 cito,
1228 1157 1296 1228 per
1322 1139 1358 1208 lu
1383 1139 1450 1206 im-

273 1253 436 1341 poccu‘ota
475 1255 545 1341 oiu,
580 1259 796 1345 occupatam
832 1254 879 1326 ab
914 1253 981 1326 illis
1019 1255 1203 1348 spiritibus
1230 1254 1449 1349 jacentibus,

275 1372 388 1442 dubo
414 1374 451 1442 al
475 1375 544 1443 mio
569 1374 672 1463 duco,
701 1373 788 1465 quia
814 1373 888 1445 ibat
913 1375 1071 1446 multum
1107 1375 1286 1468 expedite,
1314 1397 1332 1446 e
1364 1394 1449 1446 con-

275 1492 428 1563 doteomt
455 1511 478 1561 α
511 1495 547 1563 lo
575 1494 690 1582 giusta
722 1495 891 1583 condutta,
923 1492 1023 1586 idest,
1050 1495 1298 1588 compatiebar
1331 1513 1450 1587 poenae

275 1628 490 1702 avarorum,
506 1609 590 1682 licet
607 1610 768 1683 meritae:
796 1617 832 1683 et
858 1631 946 1684 vere
971 1632 1080 1706 poena
1101 1613 1255 1685 istorum
1274 1618 1328 1686 est
1344 1631 1450 1685 ama-

276 1726 431 1821 rissima,
466 1728 552 1820 quia
584 1734 669 1801 sunt
700 1728 830 1822 privati
866 1729 1006 1824 magnis
1039 1730 1155 1824 bonis,
1189 1731 1324 1804 scilicet
1354 1732 1448 1823 luce,

276 1846 361 1940 quia
388 1867 462 1919 nou
487 1845 609 1920 vident
627 1846 693 1919 nisi
712 1854 863 1941 terram,
887 1855 924 1922 et
950 1849 1115 1922 libertate
1140 1849 1306 1923 omnium
1329 1869 1450 1922 mem·

275 1965 443 2038 brorum.
483 1966 525 2038 Et
564 1966 614 2040 sic
653 1967 721 2040 tria
752 1974 858 2040 erant
890 1968 1060 2042 vexantia
1092 1973 1274 2061 autorem,
1301 1969 1447 2062 scilicet,

274 2086 427 2159 aviditas
454 2086 599 2180 sciendi,
626 2087 798 2160 velocitas
828 2086 937 2160 eundi
973 2093 1009 2160 et
1041 2087 1289 2161 misericordia
1319 2089 1448 2162 alienae

275 2224 466 2298 poenae.—
480 2210 524 2277 Et
539 2226 626 2277 ecco.
645 2205 710 2279 Hic
736 2216 841 2299 poeta
867 2205 1037 2280 describit
1053 2206 1316 2300 apparitionem
1337 2208 1448 2280 unius

275 2325 425 2398 illustris
442 2332 559 2420 poetae
580 2345 647 2419 per
670 2346 781 2398 unam
804 2326 962 2399 nobilem
990 2327 1312 2420 comparationem.
1332 2328 1375 2399 Et
1401 2326 1447 2400 ad

275 2445 550 2541 intelligentiam
581 2445 690 2517 buius
720 2444 923 2541 peregrinae
957 2456 994 2521 et
1026 2445 1229 2519 artiliciosae
1255 2466 1447 2540 compara-

276 2566 382 2640 tionis
409 2573 463 2640 est
489 2565 608 2659 primo
637 2565 838 2659 sciendum,
865 2565 963 2659 quod
990 2566 1094 2639 multi
1123 2566 1304 2639 mirantur
1330 2585 1448 2658 quare

274 2691 383 2781 poeta
404 2692 527 2758 noster
548 2684 866 2757 christianissimus
891 2684 975 2758 lacit
1001 2684 1156 2757 Statium
1183 2705 1256 2757 nou
1281 2683 1448 2756 christia-

275 2825 366 2878 num
400 2805 459 2878 bic
489 2810 598 2898 stare,
629 2804 830 2877 nescientes
863 2803 988 2877 videre
1021 2823 1195 2877 causam:
1223 2804 1303 2877 ideo
1329 2804 1448 2898 primo

274 2923 356 2997 dico
386 2922 485 3017 quod
510 2930 617 3017 poeta
643 2922 761 3016 potuit
793 2923 1048 2996 coniecturare
1078 2942 1124 2995 ex
1154 2923 1278 2994 multis
1311 2922 1448 2997 indiciis

275 3042 432 3115 Statium
468 3041 579 3114 luisse
615 3040 863 3115 christianum.
897 3040 988 3113 Nam
1021 3041 1051 3113 si
1083 3041 1253 3136 Virgilius
1285 3042 1347 3134 qui
1382 3042 1449 3114 luit

275 3168 362 3236 ante
388 3161 571 3235 Christum
591 3161 700 3234 sensit
716 3159 853 3253 aliquid
870 3159 915 3234 de
937 3160 997 3233 illo
1023 3182 1088 3254 per
1109 3161 1273 3234 carmina
1299 3162 1448 3256 sybillae,

275 3289 318 3353 ut
343 3286 498 3355 testatur
523 3279 759 3375 Augustinus,
786 3284 924 3372 quanto
958 3280 1074 3374 magis
1099 3279 1245 3372 Statius,
1272 3280 1335 3374 qui
1362 3280 1449 3354 vidit

276 3407 444 3493 tempore
473 3419 542 3472 suo
571 3397 721 3472 crudele
746 3397 1005 3470 exterminium
1040 3404 1077 3472 et
1108 3399 1312 3471 inauditum
1339 3405 1448 3473 antea

275 3517 374 3612 quod
405 3518 487 3590 lecit
516 3516 616 3589 Titus
647 3516 693 3590 de
717 3515 860 3610 judaeis,
891 3523 927 3589 et
959 3522 1011 3590 tot
1045 3517 1223 3591 miracula
1256 3518 1350 3591 lacta
1383 3538 1449 3612 per

275 3642 457 3732 martyres
487 3657 580 3730 quos
604 3635 831 3709 Domitianus
858 3636 970 3708 irater
994 3635 1061 3708 'liti
1088 3635 1338 3709 crudelissime
1364 3656 1449 3730 per-

276 3764 425 3831 secutus
462 3762 528 3849 est,
566 3775 652 3829 cum
692 3753 930 3828 christianum
976 3775 1109 3829 nomeu
1148 3775 1293 3848 semper
1332 3755 1448 3851 magis

277 3883 470 3951 cresceret.
505 3876 587 3948 Fuit
619 3874 729 3949 etiam
761 3873 897 3947 Statius
932 3894 1045 3947 ausus
1075 3873 1199 3946 dicere
1230 3873 1267 3945 in
1298 3874 1447 3948 maiori:

278 4000 418 4069 Primus
445 3999 483 4067 in
518 3995 602 4067 orbe
626 4000 719 4066 Deos
749 3996 831 4087 fecit
863 3997 977 4066 timor.
1004 3993 1086 4065 Fuit
1101 3987 1137 4084 (¹)
1171 3999 1207 4066 et
1239 3994 1449 4069 honestissi-

278 4137 360 4191 mus
387 4123 425 4190 et
450 4113 713 4189 moralissimus
744 4113 781 4184 in
813 4114 983 4186 omnibus
1016 4112 1091 4186 suis
1125 4113 1245 4207 dictis;
1277 4117 1340 4189 sed
1372 4118 1449 4191 sive

277 4237 388 4311 luerit
413 4235 642 4327 christianus
663 4232 740 4307 sive
766 4254 851 4327 non,
870 4255 944 4307 non
969 4234 1061 4308 facio
1087 4234 1160 4308 vim
1188 4235 1225 4307 in
1251 4236 1331 4328 boc,
1354 4257 1448 4330 quo·

277 4356 375 4430 niam
402 4355 582 4430 subtiliter
598 4359 635 4427 et
653 4352 860 4427 necessario
877 4360 984 4448 poeta
1003 4355 1072 4428 hoc
1093 4354 1205 4449 tingit,
1225 4355 1311 4447 quia
1332 4355 1447 4428 multa

337 4609 367 4672 (¹)
383 4610 413 4660 E.
429 4611 490 4661 ruit
505 4611 592 4662 eliam.
