<?xml version="1.0" encoding="UTF-8"?>
<!DOCTYPE html PUBLIC "-//W3C//DTD XHTML 1.0 Transitional//EN"
    "http://www.w3.org/TR/xhtml1/DTD/xhtml1-transitional.dtd">
<html xmlns="http://www.w3.org/1999/xhtml" xml:lang="en" lang="en">
 <head>
  <title>
</title>
<meta http-equiv="Content-Type" content="text/html;charset=utf-8" />
  <meta name='ocr-system' content='tesseract 3.04.00' />
  <meta name='ocr-capabilities' content='ocr_page ocr_carea ocr_par ocr_line ocrx_word'/>
</head>
<body>
  <div class='ocr_page' id='page_1' title='image "benevenutideram01benvgoog_0024.png"; bbox 0 0 3458 5602; ppageno 0'>
   <div class='ocr_carea' id='block_1_1' title="bbox 609 455 1449 518">
    <p class='ocr_par' dir='ltr' id='par_1_1' title="bbox 609 455 1449 518">
     <span class='ocr_line' id='line_1_1' title="bbox 609 455 1449 518; baseline 0.005 -4"><span class='ocrx_word' id='word_1_1' title='bbox 609 460 747 515; x_wconf 77' lang='lat' dir='ltr'>caurus</span> <span class='ocrx_word' id='word_1_2' title='bbox 772 461 963 517; x_wconf 79' lang='lat' dir='ltr'>vroasrutts</span> <span class='ocrx_word' id='word_1_3' title='bbox 989 462 1131 515; x_wconf 80' lang='lat' dir='ltr'>varnos.</span> <span class='ocrx_word' id='word_1_4' title='bbox 1408 455 1449 518; x_wconf 92' lang='lat'>11</span> 
     </span>
    </p>
   </div>
   <div class='ocr_carea' id='block_1_2' title="bbox 272 604 1455 4397">
    <p class='ocr_par' dir='ltr' id='par_1_2' title="bbox 272 604 1455 4397">
     <span class='ocr_line' id='line_1_2' title="bbox 281 604 1451 699; baseline 0.001 -20"><span class='ocrx_word' id='word_1_5' title='bbox 281 605 364 681; x_wconf 91' lang='lat' dir='ltr'>licet</span> <span class='ocrx_word' id='word_1_6' title='bbox 390 606 488 699; x_wconf 86' lang='lat' dir='ltr'>velit,</span> <span class='ocrx_word' id='word_1_7' title='bbox 506 613 631 679; x_wconf 91' lang='lat' dir='ltr'>tamen</span> <span class='ocrx_word' id='word_1_8' title='bbox 657 625 730 678; x_wconf 93' lang='lat' dir='ltr'>non</span> <span class='ocrx_word' id='word_1_9' title='bbox 756 604 936 678; x_wconf 81' lang='lat' dir='ltr'>desiderat</span> <span class='ocrx_word' id='word_1_10' title='bbox 957 605 1156 679; x_wconf 89' lang='lat' dir='ltr'>ascendere</span> <span class='ocrx_word' id='word_1_11' title='bbox 1180 613 1266 681; x_wconf 90' lang='lat' dir='ltr'>ante</span> <span class='ocrx_word' id='word_1_12' title='bbox 1291 607 1451 681; x_wconf 78' lang='lat' dir='ltr'>debitam</span> 
     </span>
     <span class='ocr_line' id='line_1_3' title="bbox 281 724 1454 819; baseline 0.001 -21"><span class='ocrx_word' id='word_1_13' title='bbox 281 724 585 817; x_wconf 82' lang='lat' dir='ltr'>satisfactionem3</span> <span class='ocrx_word' id='word_1_14' title='bbox 612 729 649 798; x_wconf 93' lang='lat' dir='ltr'>et</span> <span class='ocrx_word' id='word_1_15' title='bbox 674 743 760 797; x_wconf 91' lang='lat' dir='ltr'>ecce</span> <span class='ocrx_word' id='word_1_16' title='bbox 786 743 957 797; x_wconf 89' lang='lat' dir='ltr'>causam:</span> <span class='ocrx_word' id='word_1_17' title='bbox 984 726 1056 815; x_wconf 81' lang='lat' dir='ltr'>cte,</span> <span class='ocrx_word' id='word_1_18' title='bbox 1082 724 1183 818; x_wconf 94' lang='lat' dir='ltr'>idest,</span> <span class='ocrx_word' id='word_1_19' title='bbox 1211 725 1308 819; x_wconf 88' lang='lat' dir='ltr'>quia,</span> <span class='ocrx_word' id='word_1_20' title='bbox 1337 729 1374 797; x_wconf 89' lang='lat' dir='ltr'>ta</span> <span class='ocrx_word' id='word_1_21' title='bbox 1399 729 1454 799; x_wconf 84' lang='lat' dir='ltr'>di-</span> 
     </span>
     <span class='ocr_line' id='line_1_4' title="bbox 281 843 1454 938; baseline 0 -22"><span class='ocrx_word' id='word_1_22' title='bbox 281 847 366 916; x_wconf 76' lang='lat' dir='ltr'>vina</span> <span class='ocrx_word' id='word_1_23' title='bbox 389 847 553 934; x_wconf 76' lang='lat' dir='ltr'>piastizio</span> <span class='ocrx_word' id='word_1_24' title='bbox 574 863 666 934; x_wconf 79' lang='lat' dir='ltr'>pone</span> <span class='ocrx_word' id='word_1_25' title='bbox 691 845 730 914; x_wconf 85' lang='lat' dir='ltr'>ot</span> <span class='ocrx_word' id='word_1_26' title='bbox 753 849 937 933; x_wconf 83' lang='lat' dir='ltr'>tormento,</span> <span class='ocrx_word' id='word_1_27' title='bbox 964 844 1076 937; x_wconf 87' lang='lat' dir='ltr'>ipsam</span> <span class='ocrx_word' id='word_1_28' title='bbox 1103 843 1265 917; x_wconf 90' lang='lat' dir='ltr'>animam</span> <span class='ocrx_word' id='word_1_29' title='bbox 1298 865 1454 938; x_wconf 85' lang='lat' dir='ltr'>peccan-</span> 
     </span>
     <span class='ocr_line' id='line_1_5' title="bbox 280 961 1455 1057; baseline 0.002 -22"><span class='ocrx_word' id='word_1_30' title='bbox 280 962 339 1056; x_wconf 72' lang='lat' dir='ltr'>tis3</span> <span class='ocrx_word' id='word_1_31' title='bbox 364 983 431 1034; x_wconf 82' lang='lat' dir='ltr'>coa</span> <span class='ocrx_word' id='word_1_32' title='bbox 456 965 507 1034; x_wconf 87' lang='lat' dir='ltr'>tat</span> <span class='ocrx_word' id='word_1_33' title='bbox 530 965 661 1053; x_wconf 82' lang='lat' dir='ltr'>ooptt&#39;o,</span> <span class='ocrx_word' id='word_1_34' title='bbox 692 961 819 1035; x_wconf 90' lang='lat' dir='ltr'>eadem</span> <span class='ocrx_word' id='word_1_35' title='bbox 854 963 1044 1036; x_wconf 91' lang='lat' dir='ltr'>voluntate</span> <span class='ocrx_word' id='word_1_36' title='bbox 1077 962 1204 1056; x_wconf 90' lang='lat' dir='ltr'>libera,</span> <span class='ocrx_word' id='word_1_37' title='bbox 1229 985 1325 1037; x_wconf 83' lang='lat' dir='ltr'>come</span> <span class='ocrx_word' id='word_1_38' title='bbox 1350 969 1390 1057; x_wconf 83' lang='lat' dir='ltr'>su</span> <span class='ocrx_word' id='word_1_39' title='bbox 1417 968 1455 1036; x_wconf 86' lang='lat' dir='ltr'>ol</span> 
     </span>
     <span class='ocr_line' id='line_1_6' title="bbox 273 1081 1453 1177; baseline 0.003 -23"><span class='ocrx_word' id='word_1_40' title='bbox 273 1103 427 1174; x_wconf 85' lang='lat' dir='ltr'>pcccur:</span> <span class='ocrx_word' id='word_1_41' title='bbox 452 1083 499 1156; x_wconf 93' lang='lat' dir='ltr'>de</span> <span class='ocrx_word' id='word_1_42' title='bbox 524 1082 585 1156; x_wconf 89' lang='lat' dir='ltr'>tali</span> <span class='ocrx_word' id='word_1_43' title='bbox 610 1083 800 1157; x_wconf 89' lang='lat' dir='ltr'>voluntate</span> <span class='ocrx_word' id='word_1_44' title='bbox 824 1082 967 1156; x_wconf 89' lang='lat' dir='ltr'>dicetur</span> <span class='ocrx_word' id='word_1_45' title='bbox 983 1081 1075 1156; x_wconf 86' lang='lat' dir='ltr'>infra</span> <span class='ocrx_word' id='word_1_46' title='bbox 1094 1083 1253 1177; x_wconf 88' lang='lat' dir='ltr'>capitulo</span> <span class='ocrx_word' id='word_1_47' title='bbox 1271 1085 1453 1157; x_wconf 89' lang='lat' dir='ltr'>Xlllll.-</span> 
     </span>
     <span class='ocr_line' id='line_1_7' title="bbox 278 1201 1451 1297; baseline 0.001 -24"><span class='ocrx_word' id='word_1_48' title='bbox 278 1207 325 1274; x_wconf 67' lang='grc' dir='ltr'>Εἰ</span> <span class='ocrx_word' id='word_1_49' title='bbox 345 1204 391 1273; x_wconf 85' lang='lat' dir='ltr'>io.</span> <span class='ocrx_word' id='word_1_50' title='bbox 419 1201 483 1274; x_wconf 89' lang='lat' dir='ltr'>Hic</span> <span class='ocrx_word' id='word_1_51' title='bbox 515 1201 650 1274; x_wconf 85' lang='lat' dir='ltr'>Statius</span> <span class='ocrx_word' id='word_1_52' title='bbox 685 1201 878 1274; x_wconf 86' lang='lat' dir='ltr'>confirmat</span> <span class='ocrx_word' id='word_1_53' title='bbox 915 1201 1013 1295; x_wconf 92' lang='lat' dir='ltr'>quod</span> <span class='ocrx_word' id='word_1_54' title='bbox 1051 1201 1140 1273; x_wconf 82' lang='lat' dir='ltr'>dixit</span> <span class='ocrx_word' id='word_1_55' title='bbox 1173 1203 1343 1297; x_wconf 83' lang='lat' dir='ltr'>exemplo</span> <span class='ocrx_word' id='word_1_56' title='bbox 1382 1204 1451 1297; x_wconf 89' lang='lat' dir='ltr'>sui,</span> 
     </span>
     <span class='ocr_line' id='line_1_8' title="bbox 278 1317 1452 1417; baseline -0.002 -21"><span class='ocrx_word' id='word_1_57' title='bbox 278 1329 317 1396; x_wconf 89' lang='lat' dir='ltr'>et</span> <span class='ocrx_word' id='word_1_58' title='bbox 341 1320 393 1395; x_wconf 89' lang='lat' dir='ltr'>sic</span> <span class='ocrx_word' id='word_1_59' title='bbox 419 1321 624 1396; x_wconf 80' lang='lat' dir='ltr'>manifestat</span> <span class='ocrx_word' id='word_1_60' title='bbox 656 1343 762 1395; x_wconf 91' lang='lat' dir='ltr'>suam</span> <span class='ocrx_word' id='word_1_61' title='bbox 794 1321 1059 1395; x_wconf 77' lang='lat' dir='ltr'>liberationem.</span> <span class='ocrx_word' id='word_1_62' title='bbox 1086 1321 1177 1396; x_wconf 86' lang='lat' dir='ltr'>Dicit</span> <span class='ocrx_word' id='word_1_63' title='bbox 1206 1317 1317 1417; x_wconf 85' lang='lat' dir='ltr'>ergo:</span> <span class='ocrx_word' id='word_1_64' title='bbox 1349 1327 1393 1394; x_wconf 82' lang='lat' dir='ltr'>Et</span> <span class='ocrx_word' id='word_1_65' title='bbox 1417 1326 1452 1394; x_wconf 84' lang='lat' dir='ltr'>io</span> 
     </span>
     <span class='ocr_line' id='line_1_9' title="bbox 277 1441 1450 1537; baseline 0.001 -24"><span class='ocrx_word' id='word_1_66' title='bbox 277 1443 338 1514; x_wconf 81' lang='lat' dir='ltr'>alte</span> <span class='ocrx_word' id='word_1_67' title='bbox 361 1462 428 1514; x_wconf 83' lang='lat' dir='ltr'>son</span> <span class='ocrx_word' id='word_1_68' title='bbox 451 1445 601 1532; x_wconf 64' lang='lat' dir='ltr'>macuto</span> <span class='ocrx_word' id='word_1_69' title='bbox 627 1461 651 1512; x_wconf 85' lang='lat' dir='ltr'>a</span> <span class='ocrx_word' id='word_1_70' title='bbox 676 1449 795 1533; x_wconf 78' lang='lat' dir='ltr'>questa</span> <span class='ocrx_word' id='word_1_71' title='bbox 819 1444 953 1531; x_wconf 77' lang='lat' dir='ltr'>doptia,</span> <span class='ocrx_word' id='word_1_72' title='bbox 974 1441 1076 1530; x_wconf 88' lang='lat' dir='ltr'>idest,</span> <span class='ocrx_word' id='word_1_73' title='bbox 1099 1462 1168 1537; x_wconf 81' lang='lat' dir='ltr'>ego</span> <span class='ocrx_word' id='word_1_74' title='bbox 1194 1442 1257 1535; x_wconf 90' lang='lat' dir='ltr'>qui</span> <span class='ocrx_word' id='word_1_75' title='bbox 1284 1441 1450 1515; x_wconf 88' lang='lat' dir='ltr'>subiacui</span> 
     </span>
     <span class='ocr_line' id='line_1_10' title="bbox 278 1556 1450 1655; baseline -0.002 -20"><span class='ocrx_word' id='word_1_76' title='bbox 278 1563 365 1636; x_wconf 87' lang='lat' dir='ltr'>huic</span> <span class='ocrx_word' id='word_1_77' title='bbox 389 1562 568 1635; x_wconf 85' lang='lat' dir='ltr'>dolorosae</span> <span class='ocrx_word' id='word_1_78' title='bbox 593 1581 711 1655; x_wconf 83' lang='lat' dir='ltr'>poenae</span> <span class='ocrx_word' id='word_1_79' title='bbox 736 1581 950 1654; x_wconf 82' lang='lat' dir='ltr'>avarorum,</span> <span class='ocrx_word' id='word_1_80' title='bbox 984 1565 1199 1651; x_wconf 70' lang='lat' dir='ltr'>annuerent&gt;</span> <span class='ocrx_word' id='word_1_81' title='bbox 1225 1565 1312 1634; x_wconf 82' lang='lat' dir='ltr'>onai</span> <span class='ocrx_word' id='word_1_82' title='bbox 1336 1584 1354 1633; x_wconf 90' lang='lat' dir='ltr'>e</span> <span class='ocrx_word' id='word_1_83' title='bbox 1374 1556 1450 1652; x_wconf 77' lang='lat' dir='ltr'>piri,</span> 
     </span>
     <span class='ocr_line' id='line_1_11' title="bbox 278 1679 1451 1775; baseline -0.002 -21"><span class='ocrx_word' id='word_1_84' title='bbox 278 1681 373 1755; x_wconf 91' lang='lat' dir='ltr'>ultra</span> <span class='ocrx_word' id='word_1_85' title='bbox 400 1685 576 1775; x_wconf 88' lang='lat' dir='ltr'>quartum</span> <span class='ocrx_word' id='word_1_86' title='bbox 603 1679 845 1753; x_wconf 89' lang='lat' dir='ltr'>centesimum</span> <span class='ocrx_word' id='word_1_87' title='bbox 871 1700 1011 1752; x_wconf 93' lang='lat' dir='ltr'>annum</span> <span class='ocrx_word' id='word_1_88' title='bbox 1037 1699 1113 1773; x_wconf 88' lang='lat' dir='ltr'>qno</span> <span class='ocrx_word' id='word_1_89' title='bbox 1136 1685 1286 1755; x_wconf 91' lang='lat' dir='ltr'>steterat</span> <span class='ocrx_word' id='word_1_90' title='bbox 1302 1702 1369 1774; x_wconf 90' lang='lat' dir='ltr'>pro</span> <span class='ocrx_word' id='word_1_91' title='bbox 1387 1700 1451 1753; x_wconf 92' lang='lat' dir='ltr'>ac-</span> 
     </span>
     <span class='ocr_line' id='line_1_12' title="bbox 276 1797 1450 1892; baseline -0.003 -19"><span class='ocrx_word' id='word_1_92' title='bbox 276 1799 368 1873; x_wconf 89' lang='lat' dir='ltr'>cidia</span> <span class='ocrx_word' id='word_1_93' title='bbox 394 1800 432 1871; x_wconf 93' lang='lat' dir='ltr'>in</span> <span class='ocrx_word' id='word_1_94' title='bbox 457 1804 591 1892; x_wconf 89' lang='lat' dir='ltr'>quarto</span> <span class='ocrx_word' id='word_1_95' title='bbox 617 1798 768 1890; x_wconf 89' lang='lat' dir='ltr'>circulo,</span> <span class='ocrx_word' id='word_1_96' title='bbox 794 1804 837 1870; x_wconf 91' lang='lat' dir='ltr'>ut</span> <span class='ocrx_word' id='word_1_97' title='bbox 866 1798 1008 1871; x_wconf 90' lang='lat' dir='ltr'>dicetur</span> <span class='ocrx_word' id='word_1_98' title='bbox 1038 1797 1142 1892; x_wconf 85' lang='lat' dir='ltr'>inira,</span> <span class='ocrx_word' id='word_1_99' title='bbox 1166 1820 1237 1890; x_wconf 83' lang='lat' dir='ltr'>pur</span> <span class='ocrx_word' id='word_1_100' title='bbox 1268 1820 1326 1870; x_wconf 87' lang='lat' dir='ltr'>mo</span> <span class='ocrx_word' id='word_1_101' title='bbox 1350 1801 1450 1870; x_wconf 80' lang='lat' dir='ltr'>sentit</span> 
     </span>
     <span class='ocr_line' id='line_1_13' title="bbox 277 1907 1450 2009; baseline -0.001 -18"><span class='ocrx_word' id='word_1_102' title='bbox 277 1919 387 1991; x_wconf 79' lang='lat' dir='ltr'>libero</span> <span class='ocrx_word' id='word_1_103' title='bbox 414 1907 555 1990; x_wconf 81' lang='lat' dir='ltr'>volontd</span> <span class='ocrx_word' id='word_1_104' title='bbox 580 1920 617 1990; x_wconf 84' lang='lat' dir='ltr'>dt</span> <span class='ocrx_word' id='word_1_105' title='bbox 641 1919 782 2006; x_wconf 78' lang='lat' dir='ltr'>mtptior</span> <span class='ocrx_word' id='word_1_106' title='bbox 798 1920 925 2008; x_wconf 81' lang='lat' dir='ltr'>soptto,</span> <span class='ocrx_word' id='word_1_107' title='bbox 944 1917 1046 2009; x_wconf 92' lang='lat' dir='ltr'>idest,</span> <span class='ocrx_word' id='word_1_108' title='bbox 1066 1917 1282 1990; x_wconf 89' lang='lat' dir='ltr'>ascendendi</span> <span class='ocrx_word' id='word_1_109' title='bbox 1306 1917 1352 1990; x_wconf 92' lang='lat' dir='ltr'>ad</span> <span class='ocrx_word' id='word_1_110' title='bbox 1371 1936 1450 1990; x_wconf 93' lang='lat' dir='ltr'>me-</span> 
     </span>
     <span class='ocr_line' id='line_1_14' title="bbox 277 2035 1449 2130; baseline 0.002 -23"><span class='ocrx_word' id='word_1_111' title='bbox 277 2036 407 2111; x_wconf 92' lang='lat' dir='ltr'>liorem</span> <span class='ocrx_word' id='word_1_112' title='bbox 429 2043 466 2110; x_wconf 92' lang='lat' dir='ltr'>et</span> <span class='ocrx_word' id='word_1_113' title='bbox 487 2035 714 2129; x_wconf 90' lang='lat' dir='ltr'>superiorem</span> <span class='ocrx_word' id='word_1_114' title='bbox 732 2035 902 2130; x_wconf 84' lang='lat' dir='ltr'>gradum.</span> <span class='ocrx_word' id='word_1_115' title='bbox 920 2035 964 2110; x_wconf 88' lang='lat' dir='ltr'>Et</span> <span class='ocrx_word' id='word_1_116' title='bbox 981 2035 1164 2109; x_wconf 88' lang='lat' dir='ltr'>concludit</span> <span class='ocrx_word' id='word_1_117' title='bbox 1181 2035 1327 2129; x_wconf 83' lang='lat' dir='ltr'>Statius,</span> <span class='ocrx_word' id='word_1_118' title='bbox 1350 2035 1449 2129; x_wconf 93' lang='lat' dir='ltr'>quod</span> 
     </span>
     <span class='ocr_line' id='line_1_15' title="bbox 275 2155 1449 2250; baseline 0 -22"><span class='ocrx_word' id='word_1_119' title='bbox 275 2156 336 2231; x_wconf 90' lang='lat' dir='ltr'>ille</span> <span class='ocrx_word' id='word_1_120' title='bbox 361 2163 502 2230; x_wconf 89' lang='lat' dir='ltr'>tremor</span> <span class='ocrx_word' id='word_1_121' title='bbox 529 2155 662 2228; x_wconf 90' lang='lat' dir='ltr'>montis</span> <span class='ocrx_word' id='word_1_122' title='bbox 687 2160 723 2228; x_wconf 92' lang='lat' dir='ltr'>et</span> <span class='ocrx_word' id='word_1_123' title='bbox 748 2155 887 2229; x_wconf 91' lang='lat' dir='ltr'>clamor</span> <span class='ocrx_word' id='word_1_124' title='bbox 913 2155 1108 2250; x_wconf 83' lang='lat' dir='ltr'>spirituum</span> <span class='ocrx_word' id='word_1_125' title='bbox 1140 2155 1256 2229; x_wconf 89' lang='lat' dir='ltr'>lactus</span> <span class='ocrx_word' id='word_1_126' title='bbox 1282 2163 1337 2229; x_wconf 92' lang='lat' dir='ltr'>est</span> <span class='ocrx_word' id='word_1_127' title='bbox 1363 2176 1449 2248; x_wconf 90' lang='lat' dir='ltr'>pro-</span> 
     </span>
     <span class='ocr_line' id='line_1_16' title="bbox 277 2267 1450 2372; baseline -0.002 -23"><span class='ocrx_word' id='word_1_128' title='bbox 277 2283 358 2372; x_wconf 90' lang='lat' dir='ltr'>pter</span> <span class='ocrx_word' id='word_1_129' title='bbox 384 2295 483 2350; x_wconf 91' lang='lat' dir='ltr'>eum.</span> <span class='ocrx_word' id='word_1_130' title='bbox 514 2274 607 2348; x_wconf 88' lang='lat' dir='ltr'>Dicit</span> <span class='ocrx_word' id='word_1_131' title='bbox 639 2295 749 2370; x_wconf 86' lang='lat' dir='ltr'>ergo:</span> <span class='ocrx_word' id='word_1_132' title='bbox 770 2267 861 2367; x_wconf 81' lang='lat' dir='ltr'>perd</span> <span class='ocrx_word' id='word_1_133' title='bbox 891 2277 1021 2347; x_wconf 82' lang='lat' dir='ltr'>sentisti</span> <span class='ocrx_word' id='word_1_134' title='bbox 1053 2279 1081 2349; x_wconf 84' lang='lat' dir='ltr'>il</span> <span class='ocrx_word' id='word_1_135' title='bbox 1108 2282 1265 2366; x_wconf 83' lang='lat' dir='ltr'>tremoto,</span> <span class='ocrx_word' id='word_1_136' title='bbox 1295 2298 1314 2347; x_wconf 90' lang='lat' dir='ltr'>e</span> <span class='ocrx_word' id='word_1_137' title='bbox 1344 2278 1369 2347; x_wconf 88' lang='lat' dir='ltr'>tt</span> <span class='ocrx_word' id='word_1_138' title='bbox 1396 2278 1450 2367; x_wconf 80' lang='lat' dir='ltr'>pit</span> 
     </span>
     <span class='ocr_line' id='line_1_17' title="bbox 275 2393 1450 2489; baseline 0.001 -23"><span class='ocrx_word' id='word_1_139' title='bbox 275 2397 402 2488; x_wconf 72' lang='lat' dir='ltr'>spiriti,</span> <span class='ocrx_word' id='word_1_140' title='bbox 428 2394 573 2488; x_wconf 88' lang='lat' dir='ltr'>scilicet,</span> <span class='ocrx_word' id='word_1_141' title='bbox 598 2415 812 2488; x_wconf 83' lang='lat' dir='ltr'>avarorum,</span> <span class='ocrx_word' id='word_1_142' title='bbox 839 2395 902 2489; x_wconf 91' lang='lat' dir='ltr'>qui</span> <span class='ocrx_word' id='word_1_143' title='bbox 933 2393 1084 2468; x_wconf 88' lang='lat' dir='ltr'>luerunt</span> <span class='ocrx_word' id='word_1_144' title='bbox 1116 2395 1153 2467; x_wconf 93' lang='lat' dir='ltr'>in</span> <span class='ocrx_word' id='word_1_145' title='bbox 1184 2396 1258 2468; x_wconf 91' lang='lat' dir='ltr'>vita</span> <span class='ocrx_word' id='word_1_146' title='bbox 1287 2395 1386 2489; x_wconf 91' lang='lat' dir='ltr'>impii</span> <span class='ocrx_word' id='word_1_147' title='bbox 1412 2402 1450 2468; x_wconf 91' lang='lat' dir='ltr'>et</span> 
     </span>
     <span class='ocr_line' id='line_1_18' title="bbox 275 2514 1449 2607; baseline -0.001 -20"><span class='ocrx_word' id='word_1_148' title='bbox 275 2514 365 2588; x_wconf 91' lang='lat' dir='ltr'>alios</span> <span class='ocrx_word' id='word_1_149' title='bbox 391 2514 550 2607; x_wconf 88' lang='lat' dir='ltr'>spiritus,</span> <span class='ocrx_word' id='word_1_150' title='bbox 573 2536 639 2606; x_wconf 86' lang='lat' dir='ltr'>per</span> <span class='ocrx_word' id='word_1_151' title='bbox 670 2518 705 2586; x_wconf 86' lang='lat' dir='ltr'>to</span> <span class='ocrx_word' id='word_1_152' title='bbox 737 2521 850 2586; x_wconf 84' lang='lat' dir='ltr'>monte</span> <span class='ocrx_word' id='word_1_153' title='bbox 881 2517 1010 2587; x_wconf 83' lang='lat' dir='ltr'>render</span> <span class='ocrx_word' id='word_1_154' title='bbox 1040 2517 1118 2587; x_wconf 81' lang='lat' dir='ltr'>toda</span> <span class='ocrx_word' id='word_1_155' title='bbox 1151 2536 1175 2586; x_wconf 91' lang='grc' dir='ltr'><em>α</em></span> <span class='ocrx_word' id='word_1_156' title='bbox 1204 2517 1282 2604; x_wconf 79' lang='lat' dir='ltr'>quet</span> <span class='ocrx_word' id='word_1_157' title='bbox 1305 2519 1449 2605; x_wconf 80' lang='lat' dir='ltr'>Sipnor,</span> 
     </span>
     <span class='ocr_line' id='line_1_19' title="bbox 275 2633 1447 2728; baseline 0 -21"><span class='ocrx_word' id='word_1_158' title='bbox 275 2633 455 2709; x_wconf 88' lang='lat' dir='ltr'>dicentes:</span> <span class='ocrx_word' id='word_1_159' title='bbox 473 2633 596 2707; x_wconf 86' lang='lat' dir='ltr'>Gloria</span> <span class='ocrx_word' id='word_1_160' title='bbox 615 2633 650 2706; x_wconf 89' lang='lat' dir='ltr'>in</span> <span class='ocrx_word' id='word_1_161' title='bbox 669 2634 821 2708; x_wconf 84' lang='lat' dir='ltr'>excelsis</span> <span class='ocrx_word' id='word_1_162' title='bbox 838 2634 925 2727; x_wconf 88' lang='lat' dir='ltr'>Deo,</span> <span class='ocrx_word' id='word_1_163' title='bbox 943 2636 1003 2706; x_wconf 80' lang='lat' dir='ltr'>cte</span> <span class='ocrx_word' id='word_1_164' title='bbox 1020 2641 1108 2707; x_wconf 85' lang='lat' dir='ltr'>tosto</span> <span class='ocrx_word' id='word_1_165' title='bbox 1123 2656 1164 2706; x_wconf 83' lang='lat' dir='ltr'>su</span> <span class='ocrx_word' id='word_1_166' title='bbox 1180 2638 1330 2725; x_wconf 83' lang='lat' dir='ltr'>pt&#39;t&#39;not&#39;t&#39;,</span> <span class='ocrx_word' id='word_1_167' title='bbox 1345 2635 1447 2728; x_wconf 90' lang='lat' dir='ltr'>idest,</span> 
     </span>
     <span class='ocr_line' id='line_1_20' title="bbox 274 2752 1446 2849; baseline 0 -23"><span class='ocrx_word' id='word_1_168' title='bbox 274 2753 410 2849; x_wconf 79' lang='lat' dir='ltr'>dirigat</span> <span class='ocrx_word' id='word_1_169' title='bbox 434 2753 481 2827; x_wconf 92' lang='lat' dir='ltr'>ad</span> <span class='ocrx_word' id='word_1_170' title='bbox 506 2753 716 2847; x_wconf 82' lang='lat' dir='ltr'>superiores</span> <span class='ocrx_word' id='word_1_171' title='bbox 735 2752 872 2848; x_wconf 84' lang='lat' dir='ltr'>gradus</span> <span class='ocrx_word' id='word_1_172' title='bbox 889 2753 984 2825; x_wconf 89' lang='lat' dir='ltr'>sicut</span> <span class='ocrx_word' id='word_1_173' title='bbox 1001 2773 1061 2826; x_wconf 92' lang='lat' dir='ltr'>me</span> <span class='ocrx_word' id='word_1_174' title='bbox 1079 2753 1237 2826; x_wconf 83' lang='lat' dir='ltr'>inviavit.</span> <span class='ocrx_word' id='word_1_175' title='bbox 1256 2754 1299 2825; x_wconf 88' lang='lat' dir='ltr'>Et</span> <span class='ocrx_word' id='word_1_176' title='bbox 1317 2753 1446 2826; x_wconf 91' lang='lat' dir='ltr'>ultimo</span> 
     </span>
     <span class='ocr_line' id='line_1_21' title="bbox 276 2870 1443 2966; baseline -0.002 -21"><span class='ocrx_word' id='word_1_177' title='bbox 276 2877 384 2966; x_wconf 91' lang='lat' dir='ltr'>poeta</span> <span class='ocrx_word' id='word_1_178' title='bbox 410 2871 511 2965; x_wconf 90' lang='lat' dir='ltr'>ponit</span> <span class='ocrx_word' id='word_1_179' title='bbox 544 2871 716 2946; x_wconf 87' lang='lat' dir='ltr'>ellectum</span> <span class='ocrx_word' id='word_1_180' title='bbox 748 2871 990 2964; x_wconf 81' lang='lat' dir='ltr'>responsionis</span> <span class='ocrx_word' id='word_1_181' title='bbox 1021 2870 1124 2944; x_wconf 86' lang='lat' dir='ltr'>lactae</span> <span class='ocrx_word' id='word_1_182' title='bbox 1153 2891 1175 2943; x_wconf 91' lang='lat' dir='ltr'>a</span> <span class='ocrx_word' id='word_1_183' title='bbox 1207 2871 1331 2962; x_wconf 87' lang='lat' dir='ltr'>Statio,</span> <span class='ocrx_word' id='word_1_184' title='bbox 1358 2871 1443 2964; x_wconf 90' lang='lat' dir='ltr'>quia</span> 
     </span>
     <span class='ocr_line' id='line_1_22' title="bbox 278 2989 1446 3084; baseline 0 -22"><span class='ocrx_word' id='word_1_185' title='bbox 278 2990 453 3063; x_wconf 84' lang='lat' dir='ltr'>remansit</span> <span class='ocrx_word' id='word_1_186' title='bbox 479 2989 684 3084; x_wconf 87' lang='lat' dir='ltr'>quietatum</span> <span class='ocrx_word' id='word_1_187' title='bbox 712 2990 932 3064; x_wconf 88' lang='lat' dir='ltr'>desiderium</span> <span class='ocrx_word' id='word_1_188' title='bbox 959 2989 1039 3063; x_wconf 92' lang='lat' dir='ltr'>eius</span> <span class='ocrx_word' id='word_1_189' title='bbox 1064 2989 1224 3062; x_wconf 91' lang='lat' dir='ltr'>omnino.</span> <span class='ocrx_word' id='word_1_190' title='bbox 1248 2989 1339 3062; x_wconf 84' lang='lat' dir='ltr'>llicit</span> <span class='ocrx_word' id='word_1_191' title='bbox 1357 3009 1446 3084; x_wconf 84' lang='lat' dir='ltr'>ergo</span> 
     </span>
     <span class='ocr_line' id='line_1_23' title="bbox 274 3102 1447 3204; baseline -0.001 -22"><span class='ocrx_word' id='word_1_192' title='bbox 274 3108 543 3182; x_wconf 90' lang='lat' dir='ltr'>continuative:</span> <span class='ocrx_word' id='word_1_193' title='bbox 571 3102 642 3182; x_wconf 75' lang='lat' dir='ltr'>cosi</span> <span class='ocrx_word' id='word_1_194' title='bbox 664 3112 716 3199; x_wconf 81' lang='lat' dir='ltr'>pti</span> <span class='ocrx_word' id='word_1_195' title='bbox 739 3112 842 3198; x_wconf 84' lang='lat' dir='ltr'>disse,</span> <span class='ocrx_word' id='word_1_196' title='bbox 860 3108 996 3182; x_wconf 87' lang='lat' dir='ltr'>Statius</span> <span class='ocrx_word' id='word_1_197' title='bbox 1009 3108 1177 3204; x_wconf 74' lang='lat' dir='ltr'>Virgilio,</span> <span class='ocrx_word' id='word_1_198' title='bbox 1195 3131 1214 3180; x_wconf 90' lang='lat' dir='ltr'>e</span> <span class='ocrx_word' id='word_1_199' title='bbox 1230 3130 1302 3181; x_wconf 83' lang='lat' dir='ltr'>aon</span> <span class='ocrx_word' id='word_1_200' title='bbox 1327 3112 1447 3200; x_wconf 82' lang='lat' dir='ltr'>saprei</span> 
     </span>
     <span class='ocr_line' id='line_1_24' title="bbox 272 3228 1444 3323; baseline 0.001 -23"><span class='ocrx_word' id='word_1_201' title='bbox 272 3230 331 3300; x_wconf 78' lang='lat' dir='ltr'>dir</span> <span class='ocrx_word' id='word_1_202' title='bbox 356 3237 487 3319; x_wconf 77' lang='lat' dir='ltr'>quanto</span> <span class='ocrx_word' id='word_1_203' title='bbox 513 3232 561 3302; x_wconf 84' lang='lat' dir='ltr'>mi</span> <span class='ocrx_word' id='word_1_204' title='bbox 582 3234 655 3323; x_wconf 79' lang='lat' dir='ltr'>[ece</span> <span class='ocrx_word' id='word_1_205' title='bbox 676 3232 812 3321; x_wconf 77' lang='lat' dir='ltr'>prode;</span> <span class='ocrx_word' id='word_1_206' title='bbox 830 3228 934 3322; x_wconf 90' lang='lat' dir='ltr'>quasi</span> <span class='ocrx_word' id='word_1_207' title='bbox 961 3228 1075 3303; x_wconf 84' lang='lat' dir='ltr'>dicat:</span> <span class='ocrx_word' id='word_1_208' title='bbox 1094 3228 1200 3300; x_wconf 89' lang='lat' dir='ltr'>nimis</span> <span class='ocrx_word' id='word_1_209' title='bbox 1217 3228 1370 3323; x_wconf 86' lang='lat' dir='ltr'>profecit</span> <span class='ocrx_word' id='word_1_210' title='bbox 1386 3229 1444 3301; x_wconf 92' lang='lat' dir='ltr'>siti</span> 
     </span>
     <span class='ocr_line' id='line_1_25' title="bbox 274 3347 1444 3444; baseline 0 -23"><span class='ocrx_word' id='word_1_211' title='bbox 274 3367 368 3422; x_wconf 88' lang='lat' dir='ltr'>meae</span> <span class='ocrx_word' id='word_1_212' title='bbox 394 3350 564 3444; x_wconf 89' lang='lat' dir='ltr'>naturali,</span> <span class='ocrx_word' id='word_1_213' title='bbox 591 3350 637 3423; x_wconf 92' lang='lat' dir='ltr'>de</span> <span class='ocrx_word' id='word_1_214' title='bbox 662 3370 736 3442; x_wconf 92' lang='lat' dir='ltr'>qua</span> <span class='ocrx_word' id='word_1_215' title='bbox 762 3347 899 3422; x_wconf 91' lang='lat' dir='ltr'>dictum</span> <span class='ocrx_word' id='word_1_216' title='bbox 930 3354 986 3421; x_wconf 92' lang='lat' dir='ltr'>est</span> <span class='ocrx_word' id='word_1_217' title='bbox 1015 3348 1052 3420; x_wconf 94' lang='lat' dir='ltr'>in</span> <span class='ocrx_word' id='word_1_218' title='bbox 1082 3347 1257 3443; x_wconf 88' lang='lat' dir='ltr'>principio</span> <span class='ocrx_word' id='word_1_219' title='bbox 1286 3349 1444 3443; x_wconf 89' lang='lat' dir='ltr'>capituli.</span> 
     </span>
     <span class='ocr_line' id='line_1_26' title="bbox 274 3468 1445 3563; baseline 0.002 -23"><span class='ocrx_word' id='word_1_220' title='bbox 274 3469 350 3542; x_wconf 87' lang='lat' dir='ltr'>Hoc</span> <span class='ocrx_word' id='word_1_221' title='bbox 386 3476 514 3543; x_wconf 90' lang='lat' dir='ltr'>autem</span> <span class='ocrx_word' id='word_1_222' title='bbox 553 3469 712 3544; x_wconf 92' lang='lat' dir='ltr'>declarat</span> <span class='ocrx_word' id='word_1_223' title='bbox 750 3489 816 3563; x_wconf 90' lang='lat' dir='ltr'>per</span> <span class='ocrx_word' id='word_1_224' title='bbox 854 3469 1108 3561; x_wconf 90' lang='lat' dir='ltr'>metaphoram</span> <span class='ocrx_word' id='word_1_225' title='bbox 1147 3468 1445 3563; x_wconf 89' lang='lat' dir='ltr'>propriissimam,</span> 
     </span>
     <span class='ocr_line' id='line_1_27' title="bbox 274 3580 1449 3680; baseline 0.001 -20"><span class='ocrx_word' id='word_1_226' title='bbox 274 3586 398 3661; x_wconf 91' lang='lat' dir='ltr'>dicens</span> <span class='ocrx_word' id='word_1_227' title='bbox 422 3588 541 3663; x_wconf 89' lang='lat' dir='ltr'>clare:</span> <span class='ocrx_word' id='word_1_228' title='bbox 566 3580 654 3680; x_wconf 82' lang='lat' dir='ltr'>perd</span> <span class='ocrx_word' id='word_1_229' title='bbox 683 3590 742 3660; x_wconf 81' lang='lat' dir='ltr'>cite</span> <span class='ocrx_word' id='word_1_230' title='bbox 773 3592 803 3660; x_wconf 84' lang='lat' dir='ltr'>si</span> <span class='ocrx_word' id='word_1_231' title='bbox 835 3590 926 3677; x_wconf 77' lang='lat' dir='ltr'>podo</span> <span class='ocrx_word' id='word_1_232' title='bbox 951 3594 1047 3659; x_wconf 85' lang='lat' dir='ltr'>tanto</span> <span class='ocrx_word' id='word_1_233' title='bbox 1082 3589 1139 3659; x_wconf 86' lang='lat' dir='ltr'>det</span> <span class='ocrx_word' id='word_1_234' title='bbox 1166 3588 1245 3659; x_wconf 80' lang='lat' dir='ltr'>dere</span> <span class='ocrx_word' id='word_1_235' title='bbox 1275 3585 1449 3678; x_wconf 66' lang='lat' dir='ltr'>quaeue*</span> 
     </span>
     <span class='ocr_line' id='line_1_28' title="bbox 273 3705 1446 3801; baseline -0.003 -21"><span class='ocrx_word' id='word_1_236' title='bbox 273 3709 413 3796; x_wconf 63' lang='lat' dir='ltr'>monde</span> <span class='ocrx_word' id='word_1_237' title='bbox 437 3711 473 3780; x_wconf 87' lang='lat' dir='ltr'>to</span> <span class='ocrx_word' id='word_1_238' title='bbox 498 3716 576 3781; x_wconf 84' lang='lat' dir='ltr'>sete.</span> <span class='ocrx_word' id='word_1_239' title='bbox 598 3708 641 3781; x_wconf 77' lang='lat' dir='ltr'>lit</span> <span class='ocrx_word' id='word_1_240' title='bbox 665 3707 722 3780; x_wconf 90' lang='lat' dir='ltr'>hic</span> <span class='ocrx_word' id='word_1_241' title='bbox 741 3712 825 3780; x_wconf 90' lang='lat' dir='ltr'>nota</span> <span class='ocrx_word' id='word_1_242' title='bbox 844 3705 942 3800; x_wconf 92' lang='lat' dir='ltr'>quod</span> <span class='ocrx_word' id='word_1_243' title='bbox 960 3706 1057 3800; x_wconf 93' lang='lat' dir='ltr'>potio</span> <span class='ocrx_word' id='word_1_244' title='bbox 1078 3712 1134 3779; x_wconf 92' lang='lat' dir='ltr'>est</span> <span class='ocrx_word' id='word_1_245' title='bbox 1153 3712 1260 3801; x_wconf 83' lang='lat' dir='ltr'>grata</span> <span class='ocrx_word' id='word_1_246' title='bbox 1278 3711 1446 3778; x_wconf 92' lang='lat' dir='ltr'>nontam</span> 
     </span>
     <span class='ocr_line' id='line_1_29' title="bbox 274 3823 1446 3921; baseline -0.004 -21"><span class='ocrx_word' id='word_1_247' title='bbox 274 3827 523 3920; x_wconf 68' lang='lat' dir='ltr'>esqualitate</span> <span class='ocrx_word' id='word_1_248' title='bbox 553 3828 638 3921; x_wconf 88' lang='lat' dir='ltr'>vini,</span> <span class='ocrx_word' id='word_1_249' title='bbox 670 3848 782 3921; x_wconf 91' lang='lat' dir='ltr'>quam</span> <span class='ocrx_word' id='word_1_250' title='bbox 813 3847 858 3900; x_wconf 83' lang='lat' dir='ltr'>er</span> <span class='ocrx_word' id='word_1_251' title='bbox 890 3826 1121 3920; x_wconf 89' lang='lat' dir='ltr'>dispositione</span> <span class='ocrx_word' id='word_1_252' title='bbox 1152 3824 1325 3916; x_wconf 71' lang='lat' dir='ltr'>bibentis,</span> <span class='ocrx_word' id='word_1_253' title='bbox 1352 3823 1446 3896; x_wconf 91' lang='lat' dir='ltr'>sicut</span> 
     </span>
     <span class='ocr_line' id='line_1_30' title="bbox 274 3942 1445 4043; baseline -0.003 -24"><span class='ocrx_word' id='word_1_254' title='bbox 274 3946 391 4042; x_wconf 80' lang='lat' dir='ltr'>gratia</span> <span class='ocrx_word' id='word_1_255' title='bbox 417 3948 573 4043; x_wconf 86' lang='lat' dir='ltr'>exempli</span> <span class='ocrx_word' id='word_1_256' title='bbox 600 3948 734 4021; x_wconf 88' lang='lat' dir='ltr'>Xerses</span> <span class='ocrx_word' id='word_1_257' title='bbox 759 3946 1033 4041; x_wconf 92' lang='lat' dir='ltr'>potentissimus</span> <span class='ocrx_word' id='word_1_258' title='bbox 1059 3965 1125 4018; x_wconf 89' lang='lat' dir='ltr'>rex</span> <span class='ocrx_word' id='word_1_259' title='bbox 1151 3964 1356 4039; x_wconf 92' lang='lat' dir='ltr'>persarum,</span> <span class='ocrx_word' id='word_1_260' title='bbox 1381 3942 1445 4036; x_wconf 91' lang='lat' dir='ltr'>qni</span> 
     </span>
     <span class='ocr_line' id='line_1_31' title="bbox 274 4055 1445 4155; baseline -0.003 -17"><span class='ocrx_word' id='word_1_261' title='bbox 274 4085 360 4138; x_wconf 87' lang='lat' dir='ltr'>cum</span> <span class='ocrx_word' id='word_1_262' title='bbox 379 4065 635 4140; x_wconf 88' lang='lat' dir='ltr'>innumerabili</span> <span class='ocrx_word' id='word_1_263' title='bbox 655 4065 821 4140; x_wconf 87' lang='lat' dir='ltr'>exercitu</span> <span class='ocrx_word' id='word_1_264' title='bbox 840 4065 971 4139; x_wconf 92' lang='lat' dir='ltr'>invasit</span> <span class='ocrx_word' id='word_1_265' title='bbox 982 4064 1160 4138; x_wconf 74' lang='lat' dir='ltr'>erectam</span> <span class='ocrx_word' id='word_1_266' title='bbox 1175 4062 1263 4136; x_wconf 92' lang='lat' dir='ltr'>dum</span> <span class='ocrx_word' id='word_1_267' title='bbox 1280 4063 1398 4137; x_wconf 89' lang='lat' dir='ltr'>viliter</span> <span class='ocrx_word' id='word_1_268' title='bbox 1409 4055 1445 4155; x_wconf 81' lang='lat'>(¹)</span> 
     </span>
     <span class='ocr_line' id='line_1_32' title="bbox 273 4183 1444 4281; baseline -0.001 -24"><span class='ocrx_word' id='word_1_269' title='bbox 273 4183 476 4259; x_wconf 91' lang='lat' dir='ltr'>debellatus</span> <span class='ocrx_word' id='word_1_270' title='bbox 501 4186 656 4280; x_wconf 90' lang='lat' dir='ltr'>turpiter</span> <span class='ocrx_word' id='word_1_271' title='bbox 682 4192 720 4259; x_wconf 93' lang='lat' dir='ltr'>et</span> <span class='ocrx_word' id='word_1_272' title='bbox 745 4185 885 4279; x_wconf 90' lang='lat' dir='ltr'>trepide</span> <span class='ocrx_word' id='word_1_273' title='bbox 910 4185 1067 4281; x_wconf 84' lang='lat' dir='ltr'>lugeret,</span> <span class='ocrx_word' id='word_1_274' title='bbox 1092 4183 1169 4259; x_wconf 88' lang='lat' dir='ltr'>visa</span> <span class='ocrx_word' id='word_1_275' title='bbox 1194 4183 1232 4258; x_wconf 94' lang='lat' dir='ltr'>in</span> <span class='ocrx_word' id='word_1_276' title='bbox 1262 4183 1321 4258; x_wconf 87' lang='lat' dir='ltr'>via</span> <span class='ocrx_word' id='word_1_277' title='bbox 1346 4204 1444 4278; x_wconf 89' lang='lat' dir='ltr'>aqua</span> 
     </span>
     <span class='ocr_line' id='line_1_33' title="bbox 275 4301 1447 4397; baseline 0 -23"><span class='ocrx_word' id='word_1_278' title='bbox 275 4303 431 4397; x_wconf 91' lang='lat' dir='ltr'>turbida,</span> <span class='ocrx_word' id='word_1_279' title='bbox 453 4304 590 4397; x_wconf 87' lang='lat' dir='ltr'>loetida,</span> <span class='ocrx_word' id='word_1_280' title='bbox 610 4304 732 4378; x_wconf 90' lang='lat' dir='ltr'>statim</span> <span class='ocrx_word' id='word_1_281' title='bbox 751 4303 943 4378; x_wconf 94' lang='lat' dir='ltr'>declinavit</span> <span class='ocrx_word' id='word_1_282' title='bbox 961 4304 1008 4378; x_wconf 94' lang='lat' dir='ltr'>ad</span> <span class='ocrx_word' id='word_1_283' title='bbox 1026 4311 1166 4380; x_wconf 89' lang='lat' dir='ltr'>terram</span> <span class='ocrx_word' id='word_1_284' title='bbox 1184 4309 1221 4377; x_wconf 92' lang='lat' dir='ltr'>et</span> <span class='ocrx_word' id='word_1_285' title='bbox 1239 4302 1349 4396; x_wconf 90' lang='lat' dir='ltr'>coepit</span> <span class='ocrx_word' id='word_1_286' title='bbox 1365 4301 1447 4375; x_wconf 91' lang='lat' dir='ltr'>avi·</span> 
     </span>
    </p>
   </div>
   <div class='ocr_carea' id='block_1_3' title="bbox 311 4561 547 4625">
    <p class='ocr_par' dir='ltr' id='par_1_3' title="bbox 311 4561 547 4625">
     <span class='ocr_line' id='line_1_34' title="bbox 311 4561 547 4625; baseline 0.008 -14"><span class='ocrx_word' id='word_1_287' title='bbox 311 4594 316 4602; x_wconf 87' lang='lat'><em>-</em></span> <span class='ocrx_word' id='word_1_288' title='bbox 339 4561 366 4625; x_wconf 79' lang='lat'>(¹)</span> <span class='ocrx_word' id='word_1_289' title='bbox 382 4561 413 4611; x_wconf 83' lang='lat' dir='ltr'>E.</span> <span class='ocrx_word' id='word_1_290' title='bbox 430 4561 547 4614; x_wconf 85' lang='lat' dir='ltr'>vlrllitar.</span> 
     </span>
    </p>
   </div>
   <div class='ocr_carea' id='block_1_4' title="bbox 0 0 1734 5602">
    <p class='ocr_par' dir='ltr' id='par_1_4' title="bbox 0 0 1734 5602">
     <span class='ocr_line' id='line_1_35' title="bbox 0 0 1734 5602; baseline 0 3"><span class='ocrx_word' id='word_1_291' title='bbox 0 0 1734 5602; x_wconf 95' lang='lat' dir='ltr'> </span> 
     </span>
    </p>
   </div>
  </div>
 </body>
</html>
