3458 5602
571 500 709 557 CANTUS
734 503 928 557 vlueslllus
953 501 1148 556 SECUNDUS·
1398 487 1442 552 31

273 649 349 722 cles
375 647 575 742 denegaret
596 645 750 720 reddere
767 655 953 740 sceptrum
971 645 1132 740 Polynici
1151 651 1278 718 natum
1299 650 1353 718 est
1370 643 1448 717 bel·

274 768 353 840 lum
380 766 547 861 impium,
572 765 618 839 de
643 786 719 858 quo
743 765 881 838 dictum
909 771 965 838 est
988 764 1123 838 Inferni
1149 765 1308 858 capitulo
1334 763 1447 836 XXVI

274 894 312 960 et
336 884 421 958 alibi
446 904 552 978 saepe.
586 884 678 957 Dicit
703 904 792 979 ergo
819 891 947 977 poeta:
974 904 992 955 e
1022 886 1050 955 il
1080 890 1205 955 cantor
1235 886 1287 956 dd
1306 885 1449 955 bruolio

273 1009 400 1095 carmi,
426 1004 529 1096 idest,
557 1003 737 1099 Virgilius,
764 1002 827 1095 qui
857 1002 998 1096 scripsit
1024 1002 1246 1096 Bucolicum,
1272 1003 1448 1076 inducens

274 1125 398 1199 varios
422 1125 665 1197 collocutores
691 1124 760 1196 sub
787 1122 935 1196 nomine
961 1128 1165 1216 pastorum,
1183 1126 1288 1211 disse,
1313 1121 1447 1195 Statio:

276 1247 312 1315 lu
335 1245 427 1335 sede,
444 1242 590 1334 scilicet,
609 1241 815 1333 christiana,
836 1262 946 1313 sermo
968 1243 1004 1313 lu
1027 1244 1112 1331 qual
1126 1242 1190 1313 ben
1205 1246 1268 1334 sur
1288 1261 1361 1313 non
1385 1241 1449 1311 da·

273 1372 345 1454 sm,
372 1362 457 1457 quia
484 1362 572 1436 lalsa
597 1363 714 1434 virtus
740 1366 795 1435 ost
820 1361 930 1434 etiam
951 1361 988 1433 in
1007 1361 1153 1454 optimis
1185 1361 1351 1434 moribus
1372 1360 1450 1432 sine

275 1482 360 1575 lide,
385 1503 457 1555 non
478 1503 551 1574 par
575 1485 635 1554 cle
666 1485 693 1554 ti
722 1485 856 1575 facesse
890 1501 1002 1552 oncor
1030 1483 1153 1574 ledele,
1179 1481 1325 1575 scilicet,
1352 1479 1450 1554 chri-

276 1602 449 1695 slianum,
470 1622 539 1694 per
564 1603 643 1693 puel
665 1603 725 1673 cde
754 1603 826 1672 Clio
856 1592 880 1672 li
910 1606 1014 1690 lusto,
1040 1598 1143 1692 idest,
1170 1605 1350 1691 quantum
1384 1618 1449 1691 po-

276 1729 348 1796 test
372 1721 632 1815 comprehendi
650 1740 696 1794 ex
715 1740 805 1793 sono
821 1719 938 1793 literae
953 1712 990 1809 (¹)
1008 1717 1161 1812 poeticae
1185 1738 1270 1810 quae
1287 1717 1451 1811 loquitur

277 1845 420 1915 tantum
447 1840 493 1914 de
518 1841 621 1913 cultu
646 1840 813 1913 deorum.
847 1839 923 1912 clio
954 1837 1051 1911 enim
1087 1843 1142 1911 est
1167 1837 1286 1932 prima
1317 1854 1451 1910 novem

277 1981 485 2053 musarum,
511 1979 596 2053 quae
622 1965 677 2033 est
701 1959 771 2033 dea
796 1958 923 2054 gloriae
953 1964 991 2030 et
1020 1957 1139 2050 lamae,
1166 1964 1209 2029 ut
1233 1958 1371 2031 dictum
1397 1963 1453 2031 est

276 2079 398 2175 primo
431 2078 591 2173 capitulo
622 2077 842 2173 Purgatorii,
869 2079 1011 2167 quoodo
1041 2083 1077 2149 tu
1107 2081 1256 2149 cnumcri
1285 2080 1316 2149 le
1346 2079 1454 2149 crude

277 2201 387 2288 armi,
413 2197 559 2290 scilicet,
586 2201 755 2269 mutuam
781 2194 931 2287 cedem,
957 2197 1050 2267 dello
1075 2198 1206 2287 duppin
1239 2199 1388 2268 usum
1417 2198 1455 2268 di

280 2321 460 2406 Giocosm,
491 2315 594 2408 idest,
624 2315 786 2389 duorum
825 2313 984 2387 filiorum
1014 2313 1105 2405 eius,
1132 2313 1194 2406 qui
1225 2333 1266 2387 se
1296 2314 1453 2388 invicem

277 2435 504 2512 occiderunt.
535 2435 579 2507 Et
609 2454 699 2508 vere
732 2454 867 2529 magna
900 2433 967 2505 luit
999 2433 1140 2506 tristitia
1171 2433 1336 2525 locastae,
1366 2454 1453 2506 nam

277 2561 483 2630 retractans
507 2553 668 2627 inaudita
696 2553 791 2626 mala
817 2572 902 2647 quae
926 2573 1031 2648 passa
1049 2553 1169 2626 luerat
1189 2552 1381 2648 impatiens
1401 2557 1455 2625 tot

277 2676 451 2749 dolorum
479 2681 516 2748 et
541 2673 774 2748 miseriarum
801 2672 979 2747 transfixit
995 2672 1060 2745 sibi
1082 2671 1283 2767 praeoordia
1301 2692 1347 2746 eo
1367 2692 1455 2746 ense

279 2814 355 2888 quo
385 2792 545 2888 OEdipus
575 2792 808 2866 interiecerat
837 2792 984 2884 Laium3
1017 2792 1089 2883 vel,
1120 2790 1323 2864 secundum
1352 2791 1455 2884 alioS,

279 2912 393 2985 vitam
419 2911 601 2985 inlelioem
627 2911 761 3005 laqueo
788 2909 1007 2987 terminavit.
1029 2911 1074 2983 Et
1098 2930 1143 2984 ex
1172 2911 1242 2983 hoc
1267 2910 1357 3004 petit
1374 2910 1456 2983 Vir-

280 3031 406 3127 gilius:
432 3051 470 3102 se
493 3023 565 3103 cosi
589 3027 621 3118 ἐ,
638 3031 737 3123 quod
755 3030 868 3104 lucris
886 3029 1037 3103 infidelis
1056 3029 1237 3123 usquead
1256 3029 1344 3103 illud
1361 3038 1457 3103 tem·

281 3171 360 3245 puS,
388 3152 474 3240 quui
504 3151 577 3221 sole
602 3170 624 3220 o
650 3152 733 3240 quui
756 3152 898 3222 candele
923 3153 950 3222 ti
973 3149 1216 3240 slmcdruron,
1246 3149 1349 3243 idest,
1375 3150 1457 3243 quis

282 3269 436 3362 sapiens,
463 3267 522 3342 vel
548 3289 632 3362 quae
658 3269 738 3343 eius
762 3269 857 3342 dicta
883 3269 1140 3342 illuminarunt
1157 3276 1194 3344 te
1214 3269 1250 3342 in
1277 3276 1376 3344 lanta
1402 3276 1458 3343 te·

284 3389 397 3463 nebra
424 3388 665 3484 ignorantiael
689 3383 719 3461 sl
743 3392 803 3462 cle
827 3396 862 3462 tu
887 3392 1060 3462 drizzustt
1079 3393 1205 3483 posct'o
1231 3393 1262 3462 le
1287 3393 1371 3483 vele,
1392 3410 1458 3462 na·

284 3508 442 3605 rigando
466 3528 603 3600 aquam
638 3509 850 3601 salutarem,
877 3511 1010 3581 diretro
1041 3512 1080 3581 ul
1102 3518 1278 3602 peccator,
1310 3509 1469 3602 scilice}

285 3627 435 3702 beatum
453 3628 604 3700 Petrum
629 3627 829 3721 principem
857 3627 1065 3703 fidei—Et
1086 3632 1164 3721 apli.
1183 3630 1249 3703 Hic
1270 3633 1376 3723 poeta
1394 3648 1459 3720 po-

286 3746 336 3819 nit
362 3746 636 3840 responsionem
663 3745 763 3820 Statii
789 3747 836 3820 ad
860 3747 1070 3842 petitionem
1085 3748 1236 3842 Virgilii,
1257 3748 1397 3821 dicens:
1420 3751 1461 3818 nt

287 3869 353 3955 :pli
376 3885 401 3937 a
426 3867 495 3958 lui;
520 3867 659 3961 supple,
691 3865 837 3960 Statius,
864 3868 1048 3961 respondit
1077 3868 1249 3961 Virgilio:
1278 3875 1313 3940 tu
1338 3870 1461 3959 primo

289 3987 331 4054 m'
343 3987 485 4057 moiusti
509 4006 612 4058 verso
636 3991 815 4079 Parnaso,
835 3986 880 4059 ad
899 3987 1141 4080 poetandum:
1160 3988 1343 4061 Parnasus
1360 3986 1458 4061 enim

290 4110 343 4176 est
367 4125 475 4178 mons
500 4105 763 4179 celeberrimus
788 4106 975 4179 dedicatus
995 4105 1129 4200 poetis,
1156 4127 1181 4177 a
1204 4107 1265 4178 ber
1290 4109 1378 4179 uelle
1402 4128 1462 4179 stac

289 4230 412 4314 mette,
439 4224 540 4318 idest,
567 4224 613 4299 ad
639 4224 885 4300 hauriendum
910 4225 957 4298 de
984 4224 1082 4299 lonte
1112 4225 1311 4300 heliconico
1342 4247 1461 4300 amoe-

293 4341 450 4436 nissimo,
483 4350 525 4416 ut
555 4344 698 4418 dioetur
734 4344 854 4439 primo
892 4343 1051 4439 capitulo
1085 4344 1263 4438 Paradisi3
1296 4348 1462 4437 eposcia

353 4599 381 4662 Γ)
397 4601 428 4652 B.
445 4615 510 4653 sono
526 4603 583 4654 llro
598 4605 714 4668 poetico.
