3458 5602
481 491 622 547 caurus
649 493 839 547 vroasruus
864 493 1006 547 ramus.
1279 481 1322 548 13

151 638 357 734 provincias
374 637 532 730 Judaeae3
555 637 617 710 sod
639 643 762 711 certus
788 637 906 710 lactus
931 636 1029 730 quod
1055 637 1173 710 omnis
1198 638 1324 711 multi-

151 758 240 832 tudo
260 759 472 853 iudaeorum
499 764 724 831 convenerat
748 757 1037 851 Hierosolymam
1065 757 1111 831 ad
1136 757 1322 831 offerenda

150 878 328 953 sacrificia
343 879 419 952 noo
436 898 504 952 sno
522 878 725 952 secundum
745 897 888 951 morem
906 876 1144 970 antiquorum
1163 883 1322 971 patrum,

151 998 259 1072 motis
284 998 395 1094 signis
419 996 532 1071 cinxit
556 1003 671 1070 totam
699 997 830 1070 urbem
857 995 1062 1089 obsidione,
1084 996 1147 1070 sed
1168 996 1252 1089 quia
1270 995 1322 1069 ci-

151 1116 242 1191 vitas
268 1115 489 1191 nobilissima
520 1115 654 1211 regalis
685 1122 765 1189 erat
796 1114 1087 1210 inexpugnabilis
1118 1114 1321 1188 munitione

149 1257 347 1311 murorum
379 1241 417 1310 et
447 1235 681 1310 multitudine
712 1235 889 1328 virorum,
917 1240 1024 1308 vetus
1049 1233 1321 1328 perseverantia

150 1376 391 1429 romanorum
419 1356 499 1449 plus
516 1355 634 1449 potuit
654 1374 766 1448 quam
782 1350 820 1445 (¹)
844 1354 1034 1446 obstinata,
1054 1353 1214 1426 inaudita
1236 1373 1321 1446 per-

150 1476 283 1550 tinacia
304 1475 526 1569 judaeorum.
553 1474 687 1549 Civitas
710 1494 801 1570 ergo
817 1474 864 1547 ab
880 1481 985 1548 extra
1002 1473 1162 1547 bostium
1181 1473 1320 1546 viribus

149 1596 413 1691 quassabatur3
439 1595 537 1668 intus
562 1615 653 1669 vero
678 1594 863 1669 crudelius
894 1593 1175 1668 dissensionibus
1206 1611 1320 1665 vera-

149 1717 269 1792 batur.
296 1716 388 1789 Nam
415 1721 490 1790 tres
516 1713 674 1810 tyranni,
699 1714 834 1789 scilicet
860 1714 1028 1806 loannes,
1056 1712 1192 1803 Simon,
1214 1710 1320 1784 Elea·

149 1857 258 1911 zarus
275 1841 547 1929 occupaverant
565 1840 640 1909 tres
658 1834 825 1929 regiones
844 1833 956 1926 urbis,
971 1832 1034 1926 qui
1050 1831 1134 1905 licet
1151 1831 1320 1904 videren-

148 1963 211 2030 tur
227 1954 427 2029 concordes
444 1960 571 2029 contra
590 1956 713 2030 hostes
727 1960 850 2027 tamen
864 1972 961 2047 saepe
973 1952 1076 2026 bellis
1088 1951 1316 2025 lacerabant:

148 2075 212 2149 sed
238 2095 307 2148 nec
331 2072 509 2147 discordia
535 2072 683 2166 civium,
705 2092 773 2146 nec
795 2072 902 2146 ruina
928 2092 1135 2164 murorum,
1162 2089 1229 2143 nec
1254 2088 1318 2142 oc-

150 2195 236 2269 cisio
263 2193 443 2283 virorum,
470 2211 538 2265 nec
562 2191 684 2265 suasio
712 2192 854 2265 romani
881 2189 1061 2285 principis,
1090 2189 1152 2283 qui
1182 2208 1245 2261 eos
1271 2186 1316 2259 ad

148 2332 277 2408 pacem
295 2310 480 2403 invitabat,
494 2317 695 2405 potuerunt
711 2311 859 2384 flectere
875 2315 1022 2405 gentem
1037 2308 1140 2382 durae
1153 2306 1316 2399 cervicis,

149 2440 192 2508 ut
216 2452 291 2506 nou
315 2430 436 2526 potius
461 2430 596 2504 vellent
620 2430 744 2504 omnia
766 2436 932 2505 extrema
953 2431 1135 2504 tollerare.
1154 2427 1315 2518 Interim,

148 2552 294 2626 Nerone
320 2550 476 2643 sublato,
493 2549 745 2643 Vespasianus,
772 2549 854 2624 licet
878 2550 1012 2623 invitus
1031 2555 1069 2624 et
1085 2547 1234 2622 omnino
1256 2564 1317 2618 re-

148 2691 291 2763 cusans,
318 2669 435 2743 lactus
460 2669 659 2763 imperator
691 2688 713 2742 a
744 2668 917 2742 militibus
950 2669 1054 2742 rediit
1085 2668 1252 2756 Romam,
1279 2670 1316 2738 et
1434 2711 1443 2730 .

148 2789 249 2863 Titus
275 2789 369 2863 filius
394 2788 475 2864 eius
495 2789 642 2884 juvenis
659 2789 827 2862 omnium
848 2788 1117 2861 laudatissimus
1140 2783 1315 2860 remansit

147 2909 222 2982 dux
251 2908 345 3002 belli,
371 2908 435 3002 qui
460 2909 576 3002 ipsam
602 2908 819 3000 Jerusalem,
840 2907 984 3002 cognita
1007 2903 1205 3001 pertinacia
1230 2923 1317 2996 per-

148 3027 227 3102 fidae
252 3027 383 3122 gentis,
411 3027 526 3123 magis
551 3026 707 3100 arctavit
733 3032 771 3100 et
794 3025 841 3099 ad
861 3032 1000 3099 tantam
1020 3023 1179 3117 inopiam
1200 3021 1317 3095 dedu-

149 3146 212 3241 xit,
237 3145 337 3241 quod
363 3146 486 3220 omnia
513 3145 697 3241 incognita
723 3145 849 3218 usibus
874 3144 1044 3218 humanis
1061 3144 1098 3217 in
1115 3164 1201 3215 suos
1218 3140 1317 3215 cibos

147 3272 419 3340 converterunt.
446 3265 606 3340 Tandem
633 3265 820 3339 obsidione
852 3265 1063 3340 continuata
1095 3262 1184 3335 urbs
1209 3267 1314 3355 capta

148 3392 203 3459 est
226 3390 264 3460 et
288 3384 327 3457 in
353 3391 474 3460 turres
500 3384 712 3479 praecipuas,
731 3385 768 3458 in
792 3405 931 3476 arcem,
949 3383 985 3456 in
1005 3382 1182 3476 templum
1209 3378 1316 3453 saevi-

147 3510 227 3578 tum
254 3510 327 3597 est;
353 3510 390 3578 et
419 3503 546 3578 civitas
576 3504 692 3578 muris
722 3504 871 3597 nudata,
897 3511 934 3579 et
959 3502 1129 3577 undecim
1160 3506 1315 3575 centena

148 3623 258 3699 millia
279 3624 489 3718 judaeorum
517 3625 625 3718 lame,
651 3625 761 3717 ferro,
788 3624 964 3716 incendio,
991 3629 1028 3697 et
1053 3620 1153 3695 omni
1178 3637 1316 3715 genere

147 3742 257 3837 pestis
281 3751 497 3839 consumpta
516 3751 622 3818 sunt:
642 3750 777 3819 caetera
799 3742 994 3816 multitudo
1014 3742 1051 3815 in
1069 3739 1313 3833 captivitatem

148 3867 185 3935 el
207 3861 425 3937 servitutem
450 3863 618 3958 gentium
637 3862 793 3937 deducta
811 3868 875 3937 est.
895 3861 948 3933 Er
970 3880 1044 3954 quo
1062 3866 1228 3952 tempore
1246 3854 1316 3927 mi-

148 3999 229 4055 sera
254 4001 346 4077 gens
370 3982 447 4057 Deo
462 3973 498 4073 (¹)
526 3988 563 4055 et
587 3980 760 4054 omnibus
788 3980 959 4076 gentibus
987 3978 1112 4052 odiosa
1139 3997 1205 4071 per
1231 3973 1317 4048 uni·

148 4116 297 4172 versum
323 4099 453 4173 orbem
478 4098 639 4193 dispersa
665 4096 845 4171 serviliter
871 4096 959 4170 vivit
987 4103 1025 4171 et
1051 4095 1162 4170 durat
1185 4094 1222 4166 in
1248 4113 1315 4168 sua

151 4215 306 4291 miseria.
333 4217 440 4292 Nunc
464 4218 591 4293 ordina
616 4217 668 4293 sic
693 4217 857 4291 literam:
884 4218 1002 4306 (laelio
1018 4218 1154 4308 spirito,
1171 4212 1315 4304 scilicet,

150 4333 295 4430 Statius,
321 4338 469 4429 rispose,
495 4336 660 4433 Virgilio:
686 4339 722 4408 io
746 4356 811 4408 ora
836 4339 873 4408 di
892 4326 942 4426 ld,
967 4335 1003 4409 in
1030 4332 1168 4408 mundo
1189 4331 1317 4404 viven-

213 4520 241 4581 i')
256 4520 287 4570 B·
304 4535 381 4585 quam
398 4524 536 4586 perunacla
548 4523 706 4587 judaeorum.

211 4593 240 4657 (¹)
255 4596 286 4647 B.
302 4596 358 4648 Deo
373 4602 400 4649 at
416 4598 570 4660 hominibus,
587 4602 613 4648 el
629 4598 747 4662 gentibus
762 4598 882 4649 omnlbus
897 4600 992 4649 odiosa.
