3458 5602
284 430 330 494 te
620 439 825 493 counuruu
851 437 1070 492 ruuonnonu

281 584 379 659 enim
406 583 536 658 vitium
563 591 617 657 est
633 575 669 675 (⁴)
697 584 848 658 bestiale
868 582 986 675 nimis,
1005 582 1041 654 in
1062 580 1161 672 quod
1187 581 1338 657 faciliter
1363 583 1455 657 labi-

282 725 369 776 mur
393 703 538 798 impulsi
564 703 720 776 naturali
747 703 997 794 delectatione,
1023 722 1136 795 quam
1170 707 1304 776 natura
1333 704 1454 797 posuit

281 827 318 899 in
343 831 455 921 gustu
481 825 526 897 ad
551 823 876 898 substentationem
899 822 993 895 vitae.
1012 822 1116 896 Nunc
1140 823 1245 896 litera
1263 823 1452 918 apparebit

280 947 392 1038 clara,
418 966 502 1038 quae
528 943 629 1038 prius
655 951 734 1017 erat
759 945 927 1017 obscura.
955 942 1046 1015 Dicit
1072 963 1162 1038 ergo
1188 949 1296 1038 poeta
1310 935 1369 1035 (²):
1389 949 1454 1016 Mn

279 1087 350 1139 uno
367 1066 479 1142 orbor
491 1066 550 1136 cte
563 1071 759 1135 trovummo
772 1067 809 1135 in
824 1084 949 1135 mezzo
965 1066 1103 1153 strada,
1120 1063 1294 1137 mirabilis
1312 1064 1452 1157 lormae,

279 1207 345 1258 coo
364 1188 465 1277 pomi
489 1187 539 1256 od
562 1186 699 1256 odoror
723 1187 825 1255 soavi
848 1205 867 1256 e
891 1184 1008 1274 buoni,
1036 1191 1077 1256 ut
1095 1184 1211 1279 magis
1237 1184 1395 1258 alliciant
1416 1192 1454 1259 et

279 1306 456 1397 crucient,
483 1311 570 1376 tosto
602 1325 712 1395 ruppe
749 1306 779 1376 lc
816 1306 908 1376 dotci
943 1306 1100 1394 rupiooi,
1126 1303 1227 1389 idest,
1260 1303 1454 1399 interrupit

279 1423 399 1498 dulcia
424 1423 605 1517 colloquia
632 1422 767 1519 Virgilii
794 1430 830 1497 et
856 1422 968 1516 Statii,
995 1442 1079 1515 quae
1112 1443 1184 1496 non
1218 1422 1340 1496 minus
1372 1423 1454 1497 alli-

279 1543 423 1618 ciebant
447 1544 615 1617 animum
642 1564 782 1636 meum,
800 1563 913 1636 quam
933 1542 999 1616 ista
1018 1564 1126 1636 poma
1146 1549 1308 1637 gustum.
1327 1544 1371 1616 Et
1388 1543 1453 1618 de-

279 1664 394 1737 clarat
412 1664 567 1737 lormam
582 1663 725 1736 arboris
738 1683 804 1757 per
819 1684 929 1735 unam
946 1662 1257 1758 comparationem
1273 1664 1451 1757 pulcram,

278 1783 421 1857 dicens:
448 1806 466 1855 e
491 1805 587 1856 come
611 1785 706 1855 ubete
730 1787 767 1855 iu
799 1786 871 1856 olto
895 1787 926 1854 si
950 1786 1119 1874 diprmtu,
1146 1803 1275 1856 versus
1300 1786 1450 1877 coelum,

278 1906 316 1975 di
339 1923 444 1975 ramo
467 1906 506 1974 in
528 1923 646 1996 ramo,
671 1923 736 1997 per
763 1904 897 1975 multos
931 1903 1079 1998 gradus,
1105 1896 1176 1975 cosi
1201 1906 1327 1996 quello,
1349 1903 1453 1997 idest,

278 2022 338 2096 illa
363 2022 475 2095 arbor
501 2021 689 2116 pontisera,
715 2022 853 2117 supple,
879 2023 1151 2118 degradabatur
1180 2024 1241 2117 ibi,
1277 2027 1313 2096 io
1338 2028 1452 2116 pinso,

278 2162 408 2216 versus
435 2148 584 2214 terram.
612 2143 655 2213 Et
680 2142 840 2237 assignat
856 2163 1006 2216 causam
1027 2143 1170 2217 dicens:
1189 2146 1344 2235 ored’io,
1368 2166 1453 2235 pcr-

277 2259 339 2334 cde‘
356 2281 516 2352 pesona
548 2284 588 2335 su
622 2282 693 2333 oon
720 2264 826 2353 oudo,
853 2263 898 2334 ad
923 2263 1168 2358 colligendum
1195 2270 1232 2336 et
1257 2264 1454 2339 comeden-

277 2380 367 2454 dum
394 2381 440 2455 de
465 2383 587 2455 lructu
615 2381 703 2455 eius.
723 2381 767 2454 Et
784 2381 866 2455 vide
891 2381 989 2475 quod
1007 2382 1232 2477 comparatio
1252 2384 1380 2457 abietis
1398 2391 1454 2458 est

277 2501 390 2583 valde¹
408 2501 566 2595 propria,
586 2501 726 2574 ratione
748 2501 956 2595 altitudinis,
976 2502 1201 2576 rectitudinis
1226 2509 1263 2576 et
1288 2502 1453 2577 diverso·

278 2641 363 2693 rum
390 2621 594 2716 graduum;
616 2620 665 2695 ita
690 2621 778 2716 gula
795 2620 904 2694 babet
926 2621 1203 2717 longitudinem,
1225 2622 1453 2716 profundita-

277 2746 351 2814 tem
379 2747 416 2815 et
441 2740 603 2814 diversos
629 2761 764 2834 ramos,
791 2740 883 2815 idest
910 2740 1210 2835 multiplicitatem
1243 2742 1449 2836 epularum.

275 2861 320 2933 Et
337 2861 459 2934 subdit
470 2852 507 2954 (³)
529 2868 654 2955 potum
674 2867 754 2956 post
771 2860 895 2935 cibum
914 2861 1081 2954 vetitum,
1098 2861 1240 2936 dicens:
1264 2866 1316 2935 Uo
1338 2865 1454 2955 liquor

276 2983 410 3070 ctioro,
437 2981 582 3074 scilicet,
609 3001 707 3074 aqua
733 3001 838 3075 pura,
864 2983 975 3053 roden
1000 2983 1168 3054 doltottu
1195 2985 1329 3072 roccio,
1349 2982 1452 3077 idest,

277 3099 366 3195 ripa,
391 3103 455 3172 dol
486 3103 558 3173 toto
587 3104 678 3173 onde
695 3103 720 3172 'l
747 3104 863 3172 comio
892 3109 1013 3173 nostro
1045 3122 1109 3174 cru
1139 3104 1268 3193 otioso,
1304 3102 1452 3198 seilicet,

275 3239 297 3292 a
323 3226 427 3313 parte
446 3220 578 3294 montis
604 3227 641 3294 et
664 3221 749 3293 altae
765 3227 886 3314 costae,
906 3224 1171 3312 erispandeoo
1184 3243 1251 3314 per
1277 3226 1308 3295 lc
1328 3226 1451 3316 sopiic,

276 3338 379 3432 idest,
406 3340 551 3415 lrondes
577 3362 781 3434 ramorum,
808 3362 902 3432 suso,
938 3362 1067 3416 versus
1093 3343 1242 3436 coelum,
1269 3363 1335 3438 per
1361 3364 1452 3418 con-

275 3460 433 3533 trarium
459 3461 616 3536 aliarum
642 3482 840 3554 aquarum,
867 3461 916 3535 ita
943 3461 1041 3555 quod
1071 3461 1190 3557 gulosi
1222 3462 1384 3537 videntes
1415 3471 1453 3538 et

276 3600 349 3652 non
368 3581 530 3654 valentes
547 3580 738 3677 attingere,
758 3581 875 3676 magis
892 3581 1154 3655 cruciabantur
1173 3582 1241 3654 siti.
1255 3622 1303 3635 —
1318 3586 1357 3655 Li
1374 3587 1450 3657 due.

275 3698 380 3773 Nunc
406 3705 513 3795 poeta
535 3699 642 3774 docet
659 3699 776 3774 vitare
794 3700 922 3773 vitium
940 3702 1038 3795 gulae
1055 3700 1195 3797 tingens
1216 3722 1344 3775 vocem
1364 3724 1452 3798 pro-

275 3820 409 3894 cedere
433 3822 481 3894 ab
506 3821 651 3913 arbore,
679 3841 763 3914 quae
789 3819 969 3895 interdicit
994 3821 1104 3893 istum
1131 3822 1253 3895 cibum
1281 3823 1449 3897 vetitum.

273 3938 376 4013 Unde
401 3940 503 4014 dicit:
530 3944 571 4014 Li
594 3944 661 4014 duc
680 3944 787 4032 poeti,
814 3940 985 4037 Virgilius
1015 3947 1052 4014 et
1077 3942 1223 4035 Statius,
1250 3964 1274 4014 o
1300 3946 1322 4015 l’
1336 3944 1449 4015 orbor

273 4060 544 4149 s'oppressoro,
558 4061 613 4133 ‘ad
635 4060 940 4135 considerandum
959 4061 1055 4134 istud
1073 4063 1144 4136 vile
1162 4062 1302 4157 vitium,
1322 4071 1355 4136 et
1375 4085 1448 4136 unu

275 4199 358 4250 uoce
377 4171 483 4268 quido
496 4200 564 4270 per
581 4187 681 4253 eutro
707 4183 737 4252 le
759 4184 909 4274 fronde:
926 4184 964 4254 di
979 4190 1097 4275 questo
1121 4184 1196 4255 cido
1213 4191 1331 4256 aurete
1347 4205 1448 4273 curo,

273 4298 376 4392 idest,
402 4298 656 4393 caritudinem,
683 4300 878 4393 caristiam,
902 4303 988 4394 quia
1016 4304 1119 4398 copia
1145 4304 1313 4377 ciborum
1339 4302 1449 4377 debet

336 4480 364 4542 (¹)
380 4482 410 4532 E.
427 4488 465 4532 est
482 4496 584 4547 semper
600 4485 714 4535 bestiole.
949 4483 978 4549 (¹)
993 4488 1024 4537 B.
1041 4493 1115 4551 poeto
1132 4494 1235 4539 noster:
1252 4489 1307 4540 tra.

334 4557 362 4620 (¹)
380 4558 411 4608 E.
427 4559 512 4609 subdit
528 4566 602 4623 poeta
619 4567 719 4625 potum.
