3458 5602
277 455 324 519 ld
635 463 839 517 counuruu
864 464 1087 518 nunonnomr

275 609 380 684 bene.
406 611 555 683 Poterat
579 609 676 683 enim
704 609 827 683 dicere
852 608 912 682 bic
936 608 1060 701 aliqua
1087 606 1239 680 mulier:
1266 625 1339 679 non
1364 624 1447 677 sum

275 730 398 823 biania,
425 750 509 823 quae
535 730 672 823 repleta
697 736 753 802 est
786 729 914 823 spiritu
945 735 1083 820 sancto,
1114 728 1229 801 immo
1264 745 1348 798 snm
1381 725 1449 797 loe-

276 851 376 924 mina
401 851 547 947 fragilis,
566 870 651 943 quae
668 850 787 923 babeo
804 848 986 943 appetitus
1004 847 1245 941 inordinatos;
1263 845 1345 921 ideo
1362 864 1450 918 ecce

278 971 487 1065 exemplum
515 990 588 1043 non
615 969 724 1042 unius
754 969 818 1043 sed
848 968 1051 1041 multarum
1082 987 1322 1063 paganarum.
1354 964 1448 1038 Nam

279 1083 492 1181 romanael¹l
518 1090 617 1182 olim,
644 1097 686 1161 ut
718 1095 773 1163 est
805 1088 904 1183 apud
937 1087 1138 1180 Valerium,
1171 1108 1242 1159 non
1277 1085 1451 1159 bibebant

278 1209 406 1282 vinum
425 1230 471 1284 ne
496 1211 533 1282 in
558 1209 694 1304 aliquid
712 1209 871 1283 dedecus
887 1209 1179 1303 prolaberentur.
1201 1207 1302 1281 Unde
1323 1210 1450 1279 narrat

278 1332 354 1427 ipse
380 1331 545 1405 Valerius
569 1330 616 1404 de
645 1330 823 1423 Romano,
853 1330 916 1423 qui
948 1331 1120 1403 mactavit
1153 1350 1308 1403 uxorem
1340 1328 1449 1419 iuste,

279 1472 391 1546 quam
420 1450 568 1545 reperiit
592 1451 723 1523 bibisse
749 1450 876 1524 vinum
913 1451 1050 1524 furtim.
1078 1451 1170 1523 Nam
1196 1449 1243 1523 ab
1273 1448 1450 1523 ebrietate

278 1572 325 1646 ad
350 1572 532 1645 libidinem
552 1570 703 1645 faciliter
717 1562 755 1662 (²)
773 1570 812 1642 fit
832 1571 1017 1663 transitus,
1040 1572 1203 1644 manime
1220 1570 1258 1642 in
1275 1569 1447 1662 muliere3

279 1714 363 1766 nam
391 1693 617 1786 quicumque
642 1693 769 1765 vinum
796 1693 932 1786 appetit
956 1692 1049 1766 vitiis
1062 1693 1217 1787 januam
1236 1691 1371 1785 aperit;
1393 1697 1450 1764 ta·

278 1833 365 1886 men
391 1813 533 1886 romani
559 1811 817 1907 permittebant
843 1812 895 1885 eis
921 1811 1071 1885 licenter
1102 1813 1244 1885 cultum
1273 1829 1447 1904 personae.

278 1932 321 2004 Et
345 1939 472 2004 tamen
502 1931 642 2005 Seneca
671 1931 748 2024 Jam
781 1938 948 2026 tempore
977 1951 1046 2004 sno
1077 1930 1318 2023 conqueritur
1352 1928 1451 2023 quod

282 2052 455 2125 mulieres
481 2071 553 2123 non
580 2050 702 2123 minus
727 2058 853 2144 potant
878 2071 991 2143 quam
1019 2050 1098 2143 viri,
1125 2058 1162 2124 et
1175 2041 1212 2142 (³)
1241 2051 1339 2123 viros
1365 2049 1450 2124 vino

281 2176 500 2265 provocant3
518 2175 555 2242 et
575 2168 775 2262 dicitquod
801 2170 887 2243 olim
915 2190 988 2243 non
1011 2170 1243 2264 patiebantur
1263 2169 1449 2242 calvitium

281 2309 403 2382 neque
428 2289 629 2383 podagram
652 2288 746 2361 sicut
772 2309 880 2362 nunc.
899 2290 991 2362 Dicit
1016 2309 1106 2384 ergo
1132 2295 1238 2383 poeta
1265 2289 1363 2382 quod
1390 2289 1448 2363 illa

280 2410 409 2484 eadem
435 2430 508 2483 vox
535 2408 684 2483 veniens
710 2410 756 2482 ab
781 2410 916 2484 arbore
942 2410 1049 2482 dixit:
1076 2415 1108 2482 Ε
1131 2412 1162 2481 le
1186 2432 1335 2482 romane
1358 2413 1451 2482 nnt-

278 2551 344 2622 puc
365 2534 472 2623 saroa
498 2536 652 2601 contente
676 2532 815 2620 d'aqua
837 2550 904 2621 per
929 2534 985 2602 lor
1010 2531 1111 2621 bere;
1139 2528 1277 2602 utinam
1299 2535 1452 2603 conten·

281 2657 448 2725 tarentnr
475 2649 581 2724 bodie
607 2670 682 2723 uno
708 2656 745 2724 et
775 2650 927 2744 simplici
960 2651 1165 2723 vino-E
1188 2653 1359 2722 Daniello.
1386 2649 1451 2723 llic

279 2777 386 2865 poeta
411 2770 558 2844 adducit
582 2770 681 2843 aliud
707 2770 917 2865 exemplum
940 2770 1145 2844 sobrietatis
1171 2770 1207 2841 in
1227 2772 1366 2865 juvene
1386 2772 1452 2845 be-

280 2890 391 2964 braeo.
409 2890 462 2963 Ad
480 2891 578 2983 quod
595 2896 651 2964 est
668 2891 868 2982 sciendum,
887 2890 985 2984 quod
1003 2891 1098 2964 sicut
1119 2891 1276 2964 babetur
1294 2891 1451 2966 Danielis

280 3011 399 3104 primo
420 3011 580 3104 capitulo
605 3018 641 3084 et
662 3030 712 3084 er
740 3012 907 3105 toseplro,
925 3010 1260 3084 Nabuchodonosor
1282 3032 1348 3085 rer
1369 3033 1450 3086 ma-

279 3149 362 3224 gnae
387 3130 579 3224 Babylonis
608 3138 712 3225 capta
743 3132 947 3204 Jerusalem
981 3131 1133 3204 adduxit
1163 3150 1290 3205 secum
1325 3153 1451 3228 regem

280 3248 442 3321 loacbim
470 3256 507 3322 et
532 3249 670 3323 nobiles
695 3269 830 3343 pueros
855 3270 939 3322 cnm
969 3251 1142 3325 thesauro
1170 3273 1322 3348 magno:
1347 3261 1386 3327 et
1406 3253 1453 3328 de

281 3367 453 3442 mandato
474 3369 553 3442 eius
570 3376 731 3463 quatuor
758 3370 874 3463 pueri,
892 3391 1053 3462 quorum
1075 3371 1279 3466 principalis
1296 3371 1363 3445 snit
1379 3373 1453 3446 Da-

281 3487 365 3579 niel,
392 3486 507 3580 pulcri
533 3487 650 3562 torma
677 3494 715 3562 et
738 3488 872 3563 dociles
898 3489 1043 3585 ingenio
1070 3491 1174 3564 electi
1200 3498 1286 3564 sunt
1316 3499 1357 3565 nt
1386 3513 1452 3566 ve·

280 3612 472 3679 scerentur
497 3605 586 3680 cibis
613 3608 797 3703 regalibus
822 3614 860 3682 et
886 3609 1123 3683 erudirentur
1148 3610 1332 3706 disciplina
1351 3613 1453 3686 cbal·

279 3727 458 3802 daeorum.
485 3727 611 3802 Daniel
636 3734 760 3802 autom
794 3729 982 3823 proposuit
996 3719 1033 3823 (l
1066 3731 1102 3802 in
1135 3730 1246 3806 corde
1277 3753 1345 3806 suo
1378 3753 1451 3806 non

280 3848 444 3943 polluere
469 3855 635 3923 ventrem
668 3871 776 3922 snum
810 3849 893 3924 cibo
924 3850 983 3924 vel
1012 3851 1097 3924 vino
1130 3871 1266 3925 mensae
1297 3852 1449 3948 regalis:

277 3966 359 4040 ideo
374 3967 582 4061 impetravit
593 3989 616 4042 a
629 3968 781 4043 custode
794 3989 862 4042 suo
876 3970 1064 4066 legumina
1078 3991 1146 4065 pro
1159 3971 1252 4064 cibo,
1263 3979 1300 4046 et
1312 3993 1451 4066 aquam

278 4105 345 4179 pro
369 4090 476 4180 potu;
503 4092 540 4159 et
566 4086 682 4159 lactus
708 4093 763 4161 est
788 4089 949 4182 pulcrior
967 4096 1008 4161 ut
1025 4091 1243 4184 promiserat
1265 4091 1323 4164 illi.
1342 4091 1451 4165 Simi-

278 4204 360 4277 liter
386 4210 423 4278 et
448 4204 533 4277 socii
559 4205 616 4277 sui
643 4206 777 4299 quibus
793 4199 829 4299 (⁵)
855 4207 954 4281 Deus
980 4209 1077 4282 dedit
1101 4209 1290 4283 scientiam
1317 4217 1355 4284 et
1384 4212 1451 4286 do-

340 4424 367 4484 (D
384 4423 415 4472 lt.
432 4436 545 4473 romanas
562 4424 684 4474 mulieres
700 4424 772 4475 olim.
866 4426 894 4488 (²)
910 4427 940 4477 n
958 4427 1041 4478 facilis
1051 4433 1091 4478 ost
1101 4431 1232 4491 transitus,
1250 4433 1381 4496 precipue
1398 4434 1433 4486 in.

341 4497 368 4559 ct
385 4499 415 4548 E·
432 4503 460 4547 ⁰¹
474 4499 544 4562 ΨΜ
560 4499 637 4549 drot·
868 4501 895 4564 (Ἴ
911 4503 941 4552 n
959 4513 1137 4568 proposuerat.

341 4573 369 4636 (¹)
385 4574 416 4625 ll.
432 4575 525 4639 qulbus
541 4577 704 4640 omnipotens
720 4576 798 4628 Deus.
