3458 5602
579 464 718 519 CANTUS
742 466 936 521 vlessmssts
961 466 1154 520 SECUNDUS.
1405 459 1448 522 41

278 611 351 685 rita
368 617 508 685 attente
524 609 743 683 auscultavit
760 617 797 684 et
813 610 1013 684 ruminavit
1030 610 1125 683 dicta
1139 611 1275 706 Virgilii
1289 619 1326 686 et
1338 611 1451 705 Statii,

278 739 315 807 et
339 732 458 805 multa
484 730 605 805 didicit
635 737 785 826 poetare
815 732 862 805 ab
893 738 1055 825 utroque
1084 753 1234 828 eorum3
1267 734 1348 808 ideo
1378 755 1452 808 non

276 852 443 949 ingratus
469 850 586 925 reddit
610 851 663 925 eis
688 851 852 925 debitum
880 853 1070 925 bonorem.
1086 857 1210 926 -Mn
1231 860 1327 926 tosto.
1347 853 1452 927 Nunc

277 979 384 1068 poeta
403 971 572 1046 describit
588 972 799 1067 generalem
819 993 965 1066 poenam
985 992 1059 1065 qua
1076 972 1134 1045 hic
1155 984 1361 1068 purgantur
1378 996 1449 1069 gu-

277 1092 354 1165 losi.
380 1090 434 1165 Ad
459 1091 566 1165 cuius
591 1112 708 1185 poenae
724 1083 760 1182 (¹)
788 1090 1063 1186 intelligentiam
1090 1097 1145 1163 est
1178 1091 1236 1164 bic
1267 1093 1451 1187 perspica-

277 1211 368 1286 citer
394 1211 621 1305 intuendum‚
640 1211 739 1305 quod
760 1218 869 1285 autor
896 1218 1020 1285 noster
1046 1211 1129 1284 iacit
1151 1211 1335 1285 fictionem
1362 1232 1449 1285 cum

278 1351 413 1426 magna
441 1337 522 1405 arte
551 1330 678 1404 utilem
709 1338 747 1405 et
776 1331 1039 1405 delectabilem.
1070 1330 1190 1426 Fingit
1219 1330 1317 1404 enim
1351 1332 1449 1425 quod

278 1451 414 1547 reperit
438 1451 476 1523 in
503 1450 623 1525 medio
648 1450 716 1524 via
743 1472 855 1525 unam
887 1452 1059 1524 arborem
1093 1453 1276 1526 excelsam
1311 1453 1450 1526 baben-

276 1577 353 1645 tem
380 1591 489 1667 poma
521 1571 658 1665 pulcra,
694 1571 834 1663 suavia,
861 1570 1055 1664 odorifera,
1081 1570 1187 1645 cuius
1220 1573 1339 1646 forma
1369 1580 1451 1646 erat

275 1691 460 1766 contraria
486 1689 617 1764 nostris
642 1690 848 1764 arboribus.
872 1691 988 1785 Stipes
1010 1690 1108 1764 enim
1134 1690 1213 1764 eius
1240 1698 1321 1765 erat
1345 1711 1451 1786 gros-

275 1831 341 1884 sus
366 1810 523 1904 desuper
549 1811 612 1883 ubi
638 1810 730 1884 solet
747 1830 828 1884 esse
844 1831 950 1904 apex,
969 1815 1006 1883 et
1023 1829 1089 1904 per
1107 1829 1336 1903 consequens
1357 1809 1450 1881 rami

275 1932 479 2027 grossiores
504 1936 610 2005 erant
635 1930 806 2025 superius
832 1930 895 2003 nbi
920 1929 1037 2004 solent
1063 1949 1143 2003 esse
1168 1929 1386 2022 subtiliores,
1415 1935 1452 2002 et

276 2057 385 2124 erant
410 2050 567 2124 revoluti
592 2049 779 2143 deorsum,
805 2050 855 2124 ita
883 2056 923 2122 ut
953 2069 1062 2123 nemo
1094 2048 1292 2123 ascendere
1318 2056 1448 2143 posset.

277 2173 323 2246 Et
347 2195 369 2246 a
395 2175 513 2246 latere
538 2171 669 2245 montis
687 2172 823 2245 llnebat
840 2192 937 2263 aqua
954 2170 1054 2263 levis,
1073 2170 1226 2264 sincera,
1246 2170 1449 2264 perspicua,

277 2313 362 2386 quae
388 2292 542 2367 iaciebat
567 2292 793 2365 contrarium
821 2299 1032 2364 nostrarum
1051 2310 1253 2383 aquarum3
1275 2290 1361 2383 quia
1384 2290 1448 2362 ubi

275 2419 410 2488 nostrae
428 2433 535 2506 aquae
551 2413 722 2485 balneant
738 2420 873 2486 terram
892 2411 937 2484 ad
955 2411 1065 2506 pedes
1081 2410 1233 2503 arboris,
1249 2410 1307 2483 illa
1321 2431 1450 2484 ascen-

275 2534 385 2608 debat
409 2553 477 2627 per
502 2532 585 2605 lolia
611 2532 729 2625 pomi;
756 2531 874 2626 gulosi
900 2538 1024 2605 autem
1044 2537 1141 2604 stant
1165 2531 1234 2603 sub
1260 2530 1394 2602 arbore
1413 2535 1450 2602 et

277 2653 511 2748 respicientes
544 2651 718 2726 continuo
751 2651 913 2724 fructum
946 2651 1092 2724 dulcem
1127 2648 1377 2724 delectabilem
1413 2655 1450 2720 et

275 2793 426 2866 aquam,
451 2771 663 2845 afficiuntur
688 2790 835 2864 semper
856 2770 954 2843 lame
980 2774 1017 2843 et
1040 2769 1107 2842 siti.
1126 2769 1231 2841 Nunc
1250 2766 1295 2840 ad
1314 2776 1449 2861 propo-

275 2892 410 2967 situm:
430 2893 488 2965 bic
506 2898 562 2966 est
577 2890 941 2965 convenientissimus
962 2888 1093 2961 modus
1111 2886 1292 2983 purgandi
1317 2887 1448 2961 vitium

275 3012 488 3110 gulositatis,
515 3019 556 3085 ut
580 3011 715 3085 scilicet
739 3010 892 3105 gulosus
914 3008 1039 3082 videns
1066 3014 1103 3082 et
1127 3007 1287 3082 sentiens
1312 3006 1449 3081 cibaria

276 3132 470 3228 splendida,
497 3132 649 3206 delicata
675 3137 712 3205 et
737 3131 863 3204 suavia
882 3129 966 3202 vina
991 3150 1064 3202 non
1086 3134 1212 3224 tangat
1228 3128 1291 3203 sed
1310 3128 1445 3202 alliciat

276 3254 400 3351 gulam
429 3259 466 3328 et
490 3260 641 3349 gustum
668 3252 765 3325 lame
786 3256 823 3324 et
839 3249 907 3342 siti,
931 3254 967 3323 et
984 3248 1164 3322 abstineat
1180 3268 1203 3321 a
1221 3247 1308 3321 cibis
1326 3256 1363 3322 et
1382 3268 1448 3342 po-

278 3373 372 3446 tibus
397 3371 576 3468 pretiosis
597 3378 634 3445 et
651 3377 778 3443 utatur
796 3368 926 3442 vilibus
944 3375 981 3442 et
997 3367 1152 3463 grossis;
1178 3367 1276 3462 quod
1298 3367 1448 3463 egregie

278 3492 459 3590 liguratur
485 3493 522 3565 in
552 3492 619 3565 bac
651 3491 795 3564 arbore.
826 3489 917 3561 Nam
950 3508 1059 3583 poma
1089 3508 1173 3580 quae
1205 3494 1291 3561 sunt
1321 3487 1448 3581 pulcra

279 3613 369 3686 visui
394 3619 433 3687 et
461 3611 581 3685 dulcia
611 3611 747 3706 gustui,
773 3608 933 3705 figurant
964 3609 1089 3681 omnia
1120 3627 1258 3704 genera
1291 3607 1449 3680 cibario-

280 3752 361 3805 rum
376 3723 414 3824 (²)
448 3739 486 3806 et
517 3730 789 3825 appetibilium:
816 3748 914 3821 aqua
948 3727 1070 3802 suavis
1104 3734 1141 3800 et
1177 3727 1277 3800 clara
1312 3724 1449 3820 figurat

279 3872 386 3926 omne
410 3871 529 3948 genus
554 3851 793 3946 poculorum:
821 3848 920 3941 quod
945 3847 1058 3921 arbor
1088 3853 1143 3920 est
1172 3865 1302 3919 eversa
1332 3845 1381 3917 ita
1407 3852 1449 3918 ut

280 3973 399 4046 nullus
416 3971 616 4046 ascendere
634 3970 766 4063 valeat,
784 3968 919 4064 figurat
936 3967 1215 4061 prohibitionem
1235 3985 1319 4059 quae
1337 3972 1450 4061 auget

280 4091 629 4186 concupiscentiam
650 4091 699 4165 ita
718 4090 818 4184 quod
836 4095 1182 4183 quantumcumque
1200 4087 1311 4160 bomo
1329 4086 1450 4160 videat

280 4216 316 4285 et
339 4210 472 4285 sentiat
500 4211 567 4284 ista
601 4209 835 4283 incitamenta
869 4208 978 4304 gulae,
1004 4205 1182 4280 abstineat
1213 4206 1260 4278 ab
1290 4205 1354 4298 eis,
1381 4224 1449 4279 nec

278 4337 403 4404 currat
427 4329 533 4404 avide
557 4329 604 4403 ad
629 4349 686 4422 ea,
712 4328 806 4402 sicut
830 4326 937 4401 multi
967 4325 1087 4400 viliter
1102 4317 1138 4418 (³)
1172 4325 1318 4398 iaciunt.
1354 4323 1447 4398 Gula

337 4517 366 4580 (¹)
383 4517 414 4568 E.
430 4517 473 4567 td
489 4518 563 4568 cuius
580 4518 677 4568 scillcet
693 4530 783 4580 poene.
933 4513 960 4576 (¹)
976 4514 1006 4563 R
1023 4513 1141 4564 ciborum
1158 4510 1344 4576 appetibilium.

338 4592 367 4656 (b
382 4593 414 4644 B.
431 4594 547 4645 viriliter.
