3458 5602
326 1161 691 1274 COMENTUM
734 1164 1168 1277 Puuonloull.

158 1750 323 1818 cnutus
353 1753 587 1820 VIGESIMUS
617 1754 788 1832 PRIMUS,
813 1757 856 1853 in*
877 1775 938 1838 quc
967 1761 1084 1821 tractat
1105 1757 1186 1821 sicut
1207 1757 1331 1820 incurc-

235 1869 312 1928 rent
341 1863 476 1946 aliquem
504 1870 647 1929 vocatum
674 1864 811 1931 Statium
836 1868 873 1931 irc
900 1866 1001 1931 medio
1022 1868 1156 1943 itineris,
1181 1866 1235 1948 qui
1263 1885 1332 1930 ector

236 1972 370 2056 Virpdio
391 1974 492 2039 multa
519 1976 689 2056 receptavit
716 1995 780 2040 non
809 1977 914 2057 c‘pssum
941 1996 1148 2060 cognoscerem
1172 1981 1201 2040 ct
1216 1981 1332 2057 postca

235 2086 316 2150 ond
336 2086 544 2168 interogavit
559 2084 699 2150 Dantem
721 2087 792 2167 quia
814 2091 893 2152 meet
917 2085 1071 2169 Virpriiuc
1093 2091 1123 2151 et
1144 2085 1269 2151 Dentes
1292 2106 1331 2151 ec

236 2195 327 2260 cerba
349 2193 479 2279 Virque
500 2197 583 2261 dixit
604 2197 634 2262 ei
657 2198 772 2262 munia.

231 2434 337 2599 LA
359 2537 426 2602 sete
443 2534 587 2603 adurat
602 2533 661 2603 cite
678 2532 750 2602 mai
761 2551 833 2602 non
844 2533 956 2602 scrin.
971 2533 1169 2624 Postquam
1183 2529 1221 2603 in
1235 2550 1329 2624 prae-

158 2647 298 2722 cedenti
324 2649 482 2744 capitulo
509 2657 615 2745 poeta
642 2656 764 2724 noster
790 2650 913 2724 docuit
938 2650 1183 2745 multipliciter
1209 2649 1328 2724 vitare

159 2768 286 2840 vitium
320 2770 494 2863 avaritiae,
526 2789 624 2843 nunc
656 2776 923 2863 consequenter
956 2770 992 2842 in
1027 2768 1195 2864 praesenti
1229 2768 1328 2863 capi-

157 2888 236 2960 tulo
254 2888 334 2960 Xlll
355 2889 430 2984 agit
447 2896 484 2962 et
501 2895 632 2964 tractat
649 2889 696 2963 de
712 2889 932 2985 purgatione
952 2888 1223 2984 prodigalitatis,
1242 2910 1326 2983 quae

157 3007 308 3100 punitur
333 3007 461 3081 eadem
489 3029 598 3102 poena
627 3008 735 3081 simul
765 3029 852 3082 cum
883 3009 1036 3082 avaritia
1067 3015 1104 3081 et
1133 3008 1169 3081 in
1196 3008 1325 3082 eodem

157 3125 305 3199 circuio.
331 3126 376 3198 Et
400 3126 496 3200 istud
521 3127 721 3222 capitulum
744 3134 860 3222 potest
877 3128 985 3201 dividi
1003 3128 1039 3201 in
1058 3134 1219 3221 quatuor
1238 3149 1325 3223 par-

157 3251 211 3318 tes
235 3243 469 3339 principales;
496 3245 533 3317 in
560 3246 676 3340 prima
703 3267 863 3340 quarum
890 3246 1086 3321 introducit
1105 3268 1217 3320 unam
1244 3247 1325 3321 aui-

157 3384 257 3437 mam
283 3364 459 3438 illustrem
487 3365 676 3459 antiquam
696 3386 814 3460 nuper
832 3372 1027 3461 purgatam
1045 3366 1132 3440 vitio
1157 3366 1325 3463 prodiga·

156 3483 277 3575 litatis,
310 3483 368 3556 cui
396 3484 567 3580 Virgilius
593 3491 719 3557 narrat
744 3484 781 3556 iu
806 3486 968 3580 generali
994 3485 1237 3559 conditionem
1269 3484 1324 3558 sui

156 3609 193 3676 et
219 3602 353 3675 Dentis.
377 3602 417 3675 ln
443 3602 602 3676 secunda
632 3603 803 3699 Virgilius
836 3604 985 3697 inquirit
1014 3626 1037 3678 a
1069 3603 1165 3677 dicto
1197 3603 1324 3698 spiritu

156 3722 204 3795 de
219 3742 331 3795 causa
350 3728 583 3796 terraemotus
600 3729 637 3795 et
655 3713 825 3797 clamoris
841 3724 1013 3818 praedicti,
1028 3723 1097 3796 ibi:
1115 3728 1177 3795 Ma
1194 3725 1325 3794 dimmt.

158 3841 196 3913 ln
222 3841 329 3916 tertia
354 3840 523 3936 Virgilius
547 3840 698 3935 inquirit
729 3843 776 3915 ab
802 3843 931 3917 eodem
959 3843 1040 3935 quis
1070 3841 1192 3933 luerit,
1219 3846 1255 3913 et
1280 3839 1328 3914 de

158 3980 269 4034 causa
287 3980 364 4033 suae
380 3959 565 4033 diuturnae
581 3982 710 4055 poenae,
729 3963 795 4035 ibi:
815 3965 882 4034 n’t
896 3965 996 4035 savio
1015 3964 1116 4034 duca.
1136 3963 1175 4034 lu
1193 3967 1323 4054 quarta

158 4085 195 4152 et
220 4078 347 4151 ultima
372 4085 480 4172 poeta
506 4080 711 4154 manifestat
736 4081 927 4176 Virgilium
959 4081 1054 4155 dicto
1080 4079 1233 4174 spiritui,
1259 4079 1327 4153 ibi:

165 4200 283 4270 Volter
302 4200 454 4287 Virgilio.
472 4197 526 4272 Ad
544 4198 704 4293 primum
732 4221 822 4296 ergo
846 4200 926 4274 dico
953 4200 1051 4295 quod
1077 4205 1184 4294 poeta
1211 4199 1326 4273 intro-

158 4316 258 4390 ducit
281 4316 443 4390 animam
461 4316 638 4391 illustrem
657 4317 797 4412 antiqui
815 4325 930 4412 poetae
947 4318 1108 4415 prodigi;
1126 4317 1188 4392 sed
1208 4317 1327 4411 primo

159 4434 342 4529 praemittit
353 4455 458 4508 suam
473 4436 784 4510 continuationem
797 4436 841 4509 ad
855 4437 1113 4530 praecedentia:
1126 4435 1212 4528 quia
1227 4435 1325 4508 enim

158 4553 196 4626 in
220 4553 292 4627 tine
318 4555 464 4647 capituli
494 4556 731 4649 precedentis
757 4557 986 4631 concluserat
1019 4562 1157 4650 quanto
1192 4554 1328 4628 ardore

289 4692 327 4737 lv.
1178 4696 1189 4736 1
