3458 5602
276 901 442 969 cnutus
466 902 699 971 VIGESIMUS
723 905 915 985 TERTIUS,
939 907 975 971 in
1002 927 1061 989 qao
1090 912 1207 972 emeat
1227 909 1453 975 11111ὶὶ11111-

354 1021 432 1080 runt
450 1017 586 1098 miratus
606 1019 677 1082 citii
697 1017 781 1100 polae
803 1020 858 1101 poi
879 1018 970 1083 valde
998 1023 1090 1083 eram
1117 1020 1226 1096 moeri,
1249 1025 1280 1084 et
1302 1020 1340 1085 de
1361 1021 1452 1086 modo

349 1147 455 1209 poenae
476 1129 626 1209 1111111111,
649 1129 706 1192 sub
730 1128 821 1193 titulo
835 1129 990 1193 Formis
1012 1131 1238 1212 consanguinei
1252 1129 1381 1209 Dantt's,
1399 1132 1454 1212 qui

355 1239 457 1305 motta
471 1239 630 1321 predixit
651 1245 761 1305 contro
776 1240 921 1307 dominos
935 1241 1120 1318 Hormiae,
1137 1248 1168 1306 ot
1181 1241 1220 1306 de
1236 1242 1345 1307 multis
1367 1242 1451 1308 oliab.

353 1504 582 1673 Murra
597 1601 656 1670 clte
672 1600 722 1688 pti
738 1600 912 1689 occuper
928 1600 1108 1691 losroodo
1121 1602 1235 1672 verde.
1252 1599 1450 1692 Postquam

273 1717 314 1791 in
332 1718 511 1812 superiori
529 1717 688 1813 capitulo
706 1717 803 1791 circa
825 1716 934 1791 finem
954 1724 1062 1813 poeta
1084 1725 1208 1792 noster
1228 1719 1398 1792 tractavit
1415 1724 1452 1791 et

274 1837 534 1912 determinavit
558 1838 605 1912 de
629 1859 739 1932 poena
764 1844 801 1912 et
826 1839 1047 1932 purgatione
1078 1839 1297 1935 gulosorum
1324 1839 1361 1910 in
1385 1858 1452 1933 ge·

275 1958 404 2050 nerali,
431 1977 529 2031 nunc
554 1964 824 2050 consequenter
849 1957 923 2052 agit
949 1964 985 2031 et
1008 1965 1141 2031 tractat
1158 1957 1204 2032 de
1222 1957 1351 2031 eadem
1372 1977 1452 2030 ma-

274 2076 369 2150 teria
397 2077 513 2172 magis
538 2076 576 2148 in
600 2076 757 2170 speciali.
784 2078 828 2150 Et
854 2097 1015 2171 praesens
1035 2079 1236 2172 capitulum
1255 2077 1367 2149 Xlllll
1386 2097 1452 2171 po·

276 2203 348 2271 test
381 2196 491 2271 dividi
521 2197 557 2270 in
592 2204 754 2291 quatuor
786 2204 908 2291 partes
941 2198 1132 2292 generales
1164 2198 1210 2270 ad
1246 2198 1378 2270 minus.
1412 2198 1452 2270 ln

276 2317 395 2411 prima
423 2338 582 2411 quarum
604 2317 775 2391 describit
793 2318 949 2391 sormam
968 2318 1183 2413 gulosorum
1206 2319 1366 2390 multum
1384 2337 1453 2391 cu-

276 2439 384 2512 riose.
412 2439 452 2510 ln
477 2438 636 2513 secunda
663 2438 860 2511 introducit
886 2459 1003 2510 unum
1029 2437 1196 2532 spiritum
1226 2437 1451 2533 singularem

275 2559 499 2632 modernum
526 2565 694 2633 notatum
721 2559 808 2633 vitio
828 2560 937 2654 gulae,
956 2559 1020 2652 qui
1038 2558 1104 2631 sibi
1124 2557 1285 2630 declarat
1303 2578 1451 2651 poenam

276 2699 361 2771 quae
386 2679 545 2752 obscure
570 2679 685 2773 posita
712 2684 766 2752 est
792 2678 828 2751 in
856 2678 1073 2772 precedenti
1100 2678 1270 2771 capitulo,
1292 2676 1360 2748 ibi:
1386 2666 1453 2748 th

276 2819 341 2870 era
364 2802 404 2870 in
428 2801 613 2870 ammiror.
640 2800 681 2869 lu
707 2797 814 2871 tertia
839 2805 946 2892 poeta
980 2803 1105 2870 movet
1138 2818 1250 2870 unam
1278 2794 1452 2889 quaestio-

277 2936 361 2990 nem
388 2916 484 2990 dicto
510 2917 662 3010 spiritui,
689 2917 754 2989 ibi:
783 2923 827 2990 Et
848 2920 885 2988 io
910 2938 934 2988 a
960 2919 1017 2988 tui.
1035 2916 1076 2987 ln
1101 2920 1233 3008 quarta
1259 2921 1296 2988 et
1324 2914 1452 2988 ultima

277 3036 485 3111 manifestat
505 3057 545 3111 se
561 3043 598 3110 et
624 3058 710 3110 suos
734 3038 846 3112 duces
872 3037 967 3110 dicto
986 3035 1139 3130 spiritui,
1157 3035 1225 3108 ibi:
1244 3039 1332 3124 Del,
1346 3039 1451 3129 [rate.

276 3153 330 3227 Ad
355 3155 518 3248 primum
545 3155 695 3229 veniens
725 3157 805 3231 dico
837 3156 935 3250 quod
966 3163 1073 3251 poeta
1104 3156 1267 3230 declarat
1295 3157 1452 3230 sormam

278 3295 396 3370 poenae
420 3277 657 3371 gulosorum3
684 3283 722 3350 et
742 3277 861 3372 primo
890 3277 1078 3371 praemittit
1109 3298 1215 3350 suam
1248 3276 1453 3371 dispositio-

278 3413 361 3469 nem
389 3416 501 3490 supra
516 3388 552 3488 (⁴)
579 3397 752 3470 arborem
780 3396 949 3490 superius
975 3397 1194 3491 descriptam
1214 3417 1279 3491 per
1301 3416 1454 3489 compa-

279 3515 458 3588 rationem
489 3516 640 3610 claram,
671 3516 814 3589 dicens:
849 3521 995 3606 Mentre,
1027 3516 1128 3609 idest,
1162 3515 1321 3609 interim,
1354 3517 1454 3588 ct’tb

276 3637 410 3726 ficoavo
434 3639 484 3726 pti
508 3640 615 3727 oceli,
633 3636 906 3729 intellectuales,
919 3658 988 3728 per
1006 3639 1042 3709 to
1056 3639 1193 3731 frando
1210 3639 1327 3726 verde,
1346 3636 1452 3728 idest,

279 3754 372 3828 illius
397 3756 539 3829 arboris
566 3777 588 3830 a
613 3756 732 3850 simili,
749 3750 779 3829 si
800 3762 976 3850 comesor
1001 3760 1097 3829 carole
1113 3758 1166 3829 1111Ι
1182 3758 1295 3828 dietro
1320 3757 1379 3827 otl’
1393 3775 1454 3826 uc·

279 3879 376 3949 cattio
400 3897 466 3948 suo
501 3880 572 3949 vito
590 3880 721 3970 perde;
746 3883 784 3951 et
815 3883 871 3950 est
902 3875 1128 3970 comparatio
1162 3874 1326 3969 propria:
1360 3872 1453 3945 sicut

280 3997 375 4070 enim
403 3997 515 4070 bomo
536 3996 719 4071 interdum
742 3997 814 4070 fixe
832 3996 978 4090 respicit
996 3995 1091 4069 iutra
1111 4016 1234 4069 ramos
1251 3993 1393 4067 arboris
1412 3999 1454 4066 ut

280 4114 399 4190 videat
424 4117 608 4191 aviculam
629 4117 677 4190 ibi
696 4118 882 4210 latentem,
901 4122 938 4191 et
957 4137 1055 4211 saepe
1071 4116 1189 4210 perdit
1208 4121 1352 4209 tempus
1370 4115 1454 4188 inu-

279 4234 398 4330 tiliter,
421 4237 597 4330 quianon
616 4244 733 4332 potest
749 4237 849 4311 illam
868 4257 1013 4332 capere,
1031 4237 1080 4310 ita
1109 4243 1208 4311 recte
1230 4243 1337 4330 poeta
1355 4256 1453 4309 nunc

280 4357 494 4451 respiciebat
518 4363 657 4432 attente
682 4378 748 4452 per
774 4357 919 4432 frondes
947 4357 1043 4431 illius
1068 4357 1222 4448 arboris,
1247 4363 1288 4429 ut
1313 4355 1454 4429 videret

341 4623 369 4685 (¹)
385 4622 417 4673 B.
432 4636 448 4673 o
464 4628 518 4685 tlt,
535 4624 605 4674 circa
622 4623 750 4675 arborem.
