3458 5602
279 481 323 546 ll
639 488 843 544 contemnum
868 488 1086 543 nunonuonn

278 637 383 731 tium,
406 642 546 731 famoso
577 638 686 726 ossei,
712 634 878 729 loquitur
903 632 1111 707 verecunde
1137 632 1173 704 in
1205 631 1351 706 laudem
1377 634 1447 727 sui,

277 778 336 829 mo
361 778 434 829 mou
458 777 523 829 con
553 758 632 849 sede
661 775 809 844 ancora,
835 753 981 847 scilicet,
1000 753 1214 845 christiana;
1241 753 1305 826 sed
1331 753 1449 826 auda-

277 885 355 953 cter
381 877 505 951 laudat
531 895 665 949 nomen
696 894 773 948 suae
807 873 1048 969 professionis,
1076 872 1215 947 dicens:
1249 877 1304 946 coi
1333 894 1447 964 nonne,

277 997 422 1089 scilicet,
448 995 601 1090 poetico,
629 995 688 1066 ete
710 989 771 1085 piri
796 997 904 1084 dura,
930 999 967 1067 et
992 995 1073 1087 plus
1099 993 1236 1066 durare
1266 992 1350 1066 lacit
1381 1013 1448 1067 no-

278 1136 364 1190 men
388 1115 562 1189 aliorum:
589 1113 671 1187 ideo
697 1113 791 1186 bene
816 1112 905 1185 dixit
929 1114 1118 1185 Lucanus:
1141 1117 1289 1185 Osaccr
1314 1118 1347 1184 et
1369 1133 1449 1185 ma-

275 1256 366 1326 pmts
397 1242 514 1307 votnm
546 1233 661 1323 labor,
693 1234 812 1303 omnio
835 1236 912 1324 salo
938 1234 1055 1322 Empe
1092 1237 1125 1303 et
1161 1233 1274 1303 donus
1310 1234 1449 1323 populis

277 1356 479 1427 mortalibus
504 1373 614 1426 mum
641 1358 709 1426 etc.
736 1352 779 1425 Et
811 1351 839 1423 si
873 1351 960 1425 dicis
992 1351 1078 1424 mihi
1110 1351 1155 1424 de
1180 1351 1384 1445 Aristotele,
1411 1359 1448 1426 ct

277 1474 400 1546 multis
426 1471 644 1567 philosophis
668 1470 938 1564 antiquissimis,
965 1470 1084 1543 dicam
1116 1469 1178 1542 tibi
1211 1471 1256 1544 de
1286 1471 1448 1546 Homero

276 1599 312 1666 et
337 1592 416 1665 aliis
441 1591 564 1664 multis
591 1590 654 1685 qui
680 1590 830 1663 luerunt
855 1589 917 1662 din
943 1595 1040 1682 ante,
1067 1609 1160 1682 quos
1187 1588 1263 1683 ipse
1287 1590 1447 1683 philoso-

276 1712 369 1807 phus
395 1710 608 1805 frequenter
641 1710 784 1806 allegat,
816 1716 853 1782 et
883 1709 1068 1803 praecipue
1098 1710 1314 1803 Homerum,
1339 1731 1358 1782 e
1384 1705 1448 1802 pot

276 1852 405 1920 omora,
431 1830 577 1923 scilicet,
595 1829 800 1922 hominem,
828 1829 975 1902 nomine
1001 1828 1098 1901 enim
1119 1834 1237 1922 poetae
1255 1828 1348 1903 sicut
1366 1831 1450 1903 nul-

278 1952 356 2024 lum
382 1950 595 2042 durabilius,
612 1949 662 2022 ita
679 1950 822 2021 nullum
842 1948 1101 2040 honorabilius,
1119 1955 1160 2021 ut
1177 1949 1319 2023 dicetur
1337 1950 1444 2043 plene

278 2070 397 2165 primo
422 2069 579 2162 capitulo
605 2067 777 2141 Paradisi.
798 2068 843 2140 lit
867 2087 954 2141 ecce
974 2069 1141 2161 quando:
1159 2073 1217 2142 rtet
1232 2077 1356 2161 tempo,
1375 2069 1446 2143 sci-

277 2189 371 2283 licet,
398 2209 493 2262 anno
519 2187 565 2261 ab
596 2188 689 2261 urhe
714 2187 858 2261 condita
884 2186 1080 2281 DCCXXV,
1106 2191 1166 2261 che
1191 2192 1216 2260 ’l
1238 2191 1329 2261 huon
1361 2192 1448 2281 lito,

278 2307 342 2402 qui
367 2307 594 2381 considerata
619 2313 726 2381 aetate
752 2313 789 2380 et
813 2306 956 2400 imperii
982 2308 1161 2382 brevitate
1181 2309 1336 2382 excessit
1354 2329 1449 2380 cun-

278 2433 356 2503 ctos
382 2426 560 2520 principes
580 2425 617 2497 in
634 2426 838 2519 clementia,
860 2426 1076 2500 liberalitate
1094 2433 1130 2500 et
1147 2427 1247 2500 omni
1273 2427 1448 2520 bonitate,

278 2545 323 2619 de
349 2547 453 2619 cuius
480 2545 647 2619 laudibus
672 2545 816 2619 dicetur
843 2546 886 2618 Vl
912 2545 1082 2639 Paradisi,
1109 2538 1251 2618 omrdicd
1284 2549 1316 2618 ie
1346 2549 1447 2638 soro,

147 2703 156 2720 ·
278 2664 380 2757 idest,
399 2664 590 2757 foramina,
609 2684 674 2738 seu
690 2657 727 2756 (⁴)
747 2664 901 2738 vulnera
919 2663 1061 2757 Christi,
1079 2666 1169 2736 uude
1184 2656 1448 2754 meresarpae

272 2806 339 2876 per
362 2788 476 2857 Giudo
502 2786 672 2876 pendulo,
689 2784 835 2876 scilicet,
852 2784 965 2857 hnnae
987 2790 1024 2857 et
1043 2784 1211 2879 Cayphae,
1230 2806 1295 2857 com
1322 2788 1344 2857 l
1354 2788 1449 2859 aiulo

275 2906 333 2976 del
347 2925 481 2976 sommo
497 2925 594 2995 repe,
611 2904 713 2998 idest,
723 2904 879 2997 jnvante
895 2909 933 2976 et
949 2903 1183 2996 permittente
1193 2894 1229 2993 (²)
1247 2903 1334 2996 Deo,
1354 2904 1449 2976 sicut

276 3022 351 3117 ipse
368 3024 469 3095 Titus
487 3024 604 3096 lentur
622 3022 754 3095 dixisse
773 3042 857 3094 cum
878 3021 1026 3094 intravit
1044 3021 1176 3094 urbem
1196 3022 1448 3096 clarissimam.

275 3143 319 3214 lit
345 3141 403 3214 hic
428 3148 525 3234 nota,
552 3141 680 3233 lector,
704 3139 803 3232 quod
836 3139 940 3211 multi
972 3160 1146 3233 perverse
1176 3140 1382 3236 intelligunt
1412 3146 1450 3215 et

277 3266 465 3355 exponunt
490 3261 596 3333 istam
623 3260 780 3350 literam,
799 3259 883 3352 quia
902 3279 975 3331 non
995 3266 1050 3334 est
1067 3279 1212 3352 verum,
1231 3260 1330 3352 quod
1347 3260 1450 3334 Titus

277 3380 335 3453 vel
361 3379 603 3473 Vespasianus
633 3379 784 3453 iecerint
799 3369 835 3470 (³)
856 3378 1050 3453 vindictam
1069 3379 1199 3452 Christi
1219 3399 1306 3453 cum
1327 3380 1448 3454 inten-

134 3496 142 3509 ‘
278 3498 386 3591 tione,
401 3519 487 3572 cum
506 3518 579 3572 non
596 3498 815 3572 crediderint
828 3497 1011 3572 Christum
1026 3504 1063 3571 et
1076 3498 1213 3571 luerint
1225 3499 1370 3593 penitus
1382 3518 1450 3592 pa-

276 3618 373 3715 gani,
399 3618 493 3691 sicut
518 3624 617 3712 patet
642 3638 708 3712 per
733 3617 965 3711 Suetonium,
988 3624 1025 3690 et
1044 3617 1074 3688 si
1101 3617 1349 3691 testimouium
1368 3616 1450 3691 eius

277 3759 350 3812 non
378 3738 495 3831 placet
521 3736 595 3830 tihi,
614 3737 700 3830 quia
721 3736 788 3809 luit
810 3736 952 3832 gentilis
969 3735 1133 3829 infidelis,
1151 3743 1253 3810 certe
1270 3736 1450 3830 Josephus

276 3858 446 3931 hebraeus
471 3862 509 3931 et
534 3856 662 3930 nobihs
687 3855 775 3929 civis
799 3854 1017 3948 Jerusalem,
1034 3875 1146 3947 quem
1164 3855 1295 3928 beatus
1318 3854 1449 3928 Hiero·

277 3998 411 4070 nymus
437 3984 631 4050 enumerat
657 3976 693 4049 in
719 3976 885 4071 catalogo
902 3981 1127 4068 sanctorum,
1146 3976 1240 4049 hanc
1258 3972 1447 4048 historiam

277 4095 465 4169 luculento
489 4096 581 4190 stylo
607 4096 786 4170 describit.
806 4096 849 4168 Et
866 4095 1055 4190 Egisippns
1075 4094 1367 4190 compendiosius
1391 4113 1448 4187 eo,

277 4220 313 4287 et
339 4213 468 4287 beatus
494 4213 708 4287 Ambrosius
725 4214 788 4308 qui
806 4215 1004 4308 Josephum
1032 4215 1211 4308 sequitur,
1230 4220 1277 4306 et,
1301 4220 1342 4286 ut
1363 4213 1450 4286 hre-

338 4445 365 4506 (¹)
383 4444 413 4493 E.
429 4444 482 4493 sire
499 4444 607 4494 vulnera
624 4444 799 4507 pretiosissimi
815 4443 997 4505 Redemptorie
1012 4444 1095 4494 noetrl
1112 4444 1216 4494 Domini
1230 4443 1291 4493 iesu
1308 4441 1410 4494 cundi

338 4517 366 4582 (¹)
383 4519 413 4568 E.
430 4521 593 4582 permittente
609 4521 785 4582 omnipotente
803 4520 865 4570 lieo.

339 4595 366 4659 (Ἴ
383 4595 413 4644 lt.
431 4594 539 4647 iecerint
555 4597 693 4649 vindictam
709 4596 812 4647 nomint
828 4597 909 4646 nostri
925 4596 987 4647 iesu
1002 4596 1104 4648 Christi.
