3458 5602
580 459 719 515 cunnus
745 463 938 517 vrorrsruus
963 463 1157 520 sucunous.
1408 455 1454 520 43

279 606 449 702 castigari
467 606 599 701 inopia,
616 613 745 681 contra
762 608 1041 684 delectationem
1060 612 1229 706 primam.
1248 614 1350 688 Unde
1369 622 1453 689 nota

279 726 380 818 quod
405 727 492 822 gula
518 747 664 821 semper
685 727 823 801 solicita
844 730 964 803 estad
991 730 1236 805 suscitandam
1265 740 1453 807 mortuam

277 846 415 921 tamem
442 855 479 922 et
505 847 702 922 extinctam
729 848 837 947 sitim,
862 856 901 922 ut
927 851 1089 945 palatum
1117 853 1266 946 molliat,
1285 862 1452 928 ventrem

277 968 413 1062 dilatet,
439 975 478 1043 et
503 968 610 1042 iaciat
640 989 775 1062 corpus
805 970 1001 1065 hospitium
1030 972 1260 1066 morborum,
1287 982 1453 1069 recepta-

276 1088 405 1162 culum
431 1088 606 1162 sordium.
634 1088 678 1161 lb
703 1088 753 1162 sic
778 1090 866 1183 gula
886 1089 968 1163 iacit
995 1110 1038 1165 ea
1065 1097 1249 1166 tormenta
1276 1115 1360 1187 quae
1387 1116 1453 1168 na-

278 1213 364 1281 tura
390 1207 527 1282 lecerat
551 1207 839 1301 oblectamenta;
866 1231 1071 1303 numquam
1090 1211 1211 1285 sobria
1236 1213 1361 1286 omnia
1385 1214 1453 1287 ab·

276 1328 413 1420 sorbet,
439 1335 476 1401 et
496 1327 624 1422 jeiuna
649 1334 686 1402 et
711 1330 817 1422 plena
845 1348 989 1423 semper
1011 1331 1211 1423 cruciatur,
1229 1352 1313 1424 quae
1335 1334 1452 1406 multa

276 1453 315 1521 et
353 1467 486 1543 magua
525 1448 562 1520 iu
599 1469 717 1521 unum
748 1455 786 1522 et
822 1469 979 1542 parvum
1010 1456 1177 1525 ventrem
1217 1452 1381 1546 infulcit3
1417 1459 1453 1527 et

275 1565 375 1640 dolet
400 1567 499 1659 quod
525 1588 599 1641 non
631 1574 750 1661 potest
781 1568 905 1641 omnia
940 1589 1013 1642 uuo
1042 1570 1215 1644 claudere
1241 1578 1387 1665 ventre3
1415 1580 1452 1648 et

275 1687 387 1761 vellet
424 1688 562 1762 habere
600 1688 785 1781 reliquum
820 1708 955 1783 corpus
992 1710 1215 1784 pygmaeum,
1249 1691 1450 1766 dummodo

275 1809 508 1881 stomachum
534 1808 687 1882 haberet
707 1808 932 1904 giganteum.
955 1809 1054 1883 Bene
1080 1830 1171 1905 crgo
1196 1817 1338 1885 constat
1363 1832 1450 1885 cara

275 1928 365 2022 gula
393 1927 456 2021 ipsi
483 1928 614 2022 guloso
640 1927 703 2021 qui
730 1927 820 2002 emit
848 1948 932 2002 cam
964 1929 1081 2022 pretio
1112 1930 1271 2004 vitae.-
1287 1933 1359 2002 Poi.
1387 1931 1452 2005 llic

276 2053 385 2140 poeta
412 2045 581 2120 describit
598 2047 708 2120 aliam
727 2068 856 2121 vocem
875 2048 1195 2123 commendantem
1215 2050 1451 2125 sobrietatem

275 2164 315 2238 in
340 2165 617 2240 detestationem
635 2166 856 2263 gulositatis3
874 2172 912 2240 et
931 2167 1051 2262 primo
1068 2169 1205 2262 optimo
1228 2170 1397 2263 exemplo
1415 2163 1451 2261 (¹)

275 2286 412 2379 Mariae,
439 2307 522 2380 quae
561 2286 598 2358 in
636 2286 770 2381 nuptiis
795 2286 952 2360 Galilaeae
990 2287 1098 2361 dixit:
1141 2293 1260 2362 linum
1285 2311 1358 2362 oon
1384 2292 1450 2362 bu-

276 2405 368 2497 bent,
389 2427 462 2480 uon
480 2407 621 2481 ratione
646 2407 831 2482 ebrietatis
849 2408 912 2482 sed
928 2408 1046 2503 gratia
1067 2409 1214 2483 honoris
1234 2412 1365 2505 sponsi.
1385 2411 1447 2483 Di-

275 2524 324 2599 cit
348 2546 459 2622 crgo:
482 2530 545 2618 poi
569 2530 680 2601 duce:
705 2527 852 2621 scilicet,
878 2527 937 2601 illa
964 2548 1056 2601 vox:
1071 2524 1133 2620 pid
1145 2550 1307 2619 potsuvu
1327 2533 1449 2602 Murio

274 2650 379 2737 obde,
406 2647 507 2740 idest,
526 2667 572 2721 ex
599 2668 673 2740 qua
699 2668 751 2740 re,
766 2651 882 2741 [osser
905 2652 935 2722 le
952 2669 1064 2720 nozze
1081 2652 1247 2740 mrevoli,
1266 2649 1368 2739 idest,
1387 2670 1447 2723 so-

275 2767 426 2860 lemnes,
452 2775 485 2840 et
506 2771 635 2861 iutcre;
662 2767 739 2844 sine
763 2768 888 2861 aliquo
905 2768 1060 2861 delectu,
1081 2775 1123 2841 ut
1146 2769 1318 2842 scribitur
1336 2771 1447 2843 loan-

275 2887 330 2960 nis
349 2889 379 2960 Π
401 2887 571 2982 capitulo,
597 2891 685 2960 clr'u
711 2890 747 2959 lu
772 2908 838 2959 suu
863 2888 981 2978 bocca,
1005 2898 1047 2963 ut
1071 2888 1214 2962 biberet
1235 2889 1314 2982 sibi,
1331 2892 1451 2978 cb'or,

275 3009 377 3103 idest,
404 3027 488 3102 quae
512 3008 628 3082 bucca
655 3028 752 3081 nunc
778 3012 859 3081 orat
884 3007 930 3112 ad
956 3007 1075 3080 Deum
1107 3028 1175 3102 pro
1206 3007 1319 3081 nobis.
1349 3007 1449 3081 Scie-

275 3128 337 3203 bat
363 3126 462 3202 cnim
488 3127 599 3200 Maria
624 3126 769 3200 inimica
795 3128 892 3223 gulae
917 3126 1028 3220 quod,
1052 3127 1150 3220 quod
1176 3127 1287 3200 intrat
1313 3149 1378 3223 per
1409 3148 1450 3201 os

276 3270 348 3323 non
374 3248 539 3342 inquinat
554 3239 590 3339 (²)
618 3248 791 3340 animam,
818 3254 855 3321 et
881 3248 980 3340 quod
1007 3248 1118 3321 bomo
1144 3254 1262 3342 potest
1283 3249 1379 3323 vesci
1397 3247 1449 3320 ci·

275 3369 329 3444 bis
363 3368 556 3464 splendidis
584 3374 622 3442 et
655 3367 745 3440 vinis
775 3366 906 3460 sobrie,
934 3374 971 3441 et
1005 3369 1220 3464 vulgaribus
1251 3369 1382 3463 gulose
1412 3373 1450 3439 et

276 3487 386 3563 ebrio.
406 3487 449 3560 Et
466 3486 523 3559 bic
550 3491 647 3578 nota,
667 3483 765 3578 quod
782 3484 876 3558 sicut
893 3485 1016 3558 scribit
1032 3486 1238 3559 Macrobius
1255 3485 1301 3560 de
1325 3490 1449 3559 mento

275 3607 426 3683 Gallieni
434 3597 484 3699 (³),
499 3613 671 3680 vacantes
687 3605 785 3701 gulae
801 3625 873 3677 ηοη
889 3611 1039 3699 possunt
1055 3604 1117 3678 diu
1140 3605 1266 3679 vivere
1284 3625 1350 3678 nec
1369 3624 1450 3677 csse

277 3728 364 3820 sani,
380 3746 448 3802 noc
465 3726 664 3821 quicquam
683 3726 832 3800 coeleste
850 3725 1012 3821 cogitare
1026 3726 1161 3799 uedum
1177 3712 1447 3815 honorabilem,

277 3846 368 3922 sicut
394 3846 504 3920 modo
529 3845 652 3919 Maria.
667 3851 761 3916 -Ε
785 3848 814 3917 le
839 3866 997 3917 reinone.
1023 3843 1088 3916 llic
1114 3850 1232 3937 poeta,
1260 3850 1355 3918 tacta
1387 3864 1447 3916 so-

276 3965 430 4041 brietate
454 3965 588 4059 Mariae,
615 3986 700 4058 quae
726 3964 793 4037 luit
818 3962 1078 4059 perfectissima
1108 3961 1320 4055 mulierum,
1348 3983 1447 4036 nunc

277 4087 421 4162 adducit
446 4087 658 4181 exemplum
686 4085 797 4157 unius
827 4083 973 4179 generis
1002 4081 1203 4157 mulierum
1230 4082 1385 4176 clarum,
1412 4091 1448 4156 et

336 4273 364 4335 (¹)
382 4272 412 4322 lt.
429 4271 549 4335 exemplo
565 4272 756 4335 gloriosissima)
773 4269 885 4333 Virginis
902 4270 1001 4320 Maria.

337 4345 366 4410 (¹)
382 4348 413 4397 E.
430 4348 585 4412 coinquinat.
774 4346 801 4408 (¹)
817 4347 848 4395 E.
864 4346 970 4397 (iuliani.

336 4424 364 4487 (⁸)
381 4423 412 4473 E.
429 4424 588 4485 honorabile,
605 4424 680 4474 euius
696 4423 855 4474 coutrmium
872 4421 981 4472 faciebat
998 4427 1060 4472 tuuc
1077 4421 1239 4472 Suucdssima
1256 4419 1336 4483 Virgo
1356 4419 1450 4479 Maria,

275 4501 377 4565 qunudo
392 4500 457 4550 dixit
473 4501 499 4550 iu
516 4502 632 4552 convivio
649 4501 727 4551 rerba
743 4500 837 4549 illu·
847 4500 873 4548 E
888 4498 909 4548 lo
924 4512 1036 4550 romcm.
1052 4499 1102 4550 llic
1122 4504 1206 4563 pocta,
1224 4502 1290 4549 tactu
1312 4497 1450 4547 sobrietate

275 4578 465 4643 uomocbulmu
482 4577 594 4642 Virginis
610 4578 708 4639 Maria,
725 4591 784 4641 quau
800 4575 860 4626 luit.
