3458 5602
279 479 325 545 32
637 488 840 543 counuruu
864 491 1084 545 runnnronn

276 654 421 725 opresso
447 637 516 706 Dio
541 636 586 704 m’
599 635 820 705 nllumiomti.
847 632 958 719 Quasi
989 632 1103 705 dicat:
1130 637 1171 703 tu
1197 630 1369 726 Virgilius
1394 631 1449 705 le-

275 752 352 826 cisti
380 773 440 826 me
465 774 512 827 ex
538 752 730 848 ignorante
746 752 960 846 sapientem,
978 770 1025 825 ex
1043 750 1195 845 prodigo
1213 771 1379 844 parcum,
1399 771 1445 825 ex

276 892 419 967 pagano
444 871 693 946 christianum.
720 872 765 944 Et
790 871 860 945 hoc
885 868 1078 944 confirmat
1106 889 1172 963 per
1203 871 1450 964 comparatio-

277 1010 361 1064 nem
387 990 624 1064 domesticam
651 996 688 1063 et
713 989 911 1083 propriam,
937 989 1078 1062 dicens:
1102 992 1225 1081 fecesti
1248 1010 1344 1061 come
1368 994 1447 1082 quai

276 1110 335 1179 cle
360 1129 406 1180 oa
429 1111 467 1180 di
490 1115 595 1196 nolte,
612 1110 672 1180 cite
686 1114 796 1199 porto
812 1111 840 1180 il
854 1110 943 1180 lame
960 1110 1085 1199 dudo,
1103 1108 1196 1182 sicut
1213 1128 1365 1183 cereum
1382 1129 1446 1182 ac·

277 1246 442 1318 censum,
470 1249 488 1299 e
512 1248 537 1298 o
560 1247 597 1299 sc
620 1247 693 1298 noo
715 1229 836 1316 pmcn,
861 1226 948 1319 quia
974 1223 1106 1320 parum
1140 1227 1238 1300 videt
1271 1227 1337 1299 sibi
1363 1235 1449 1301 ante

277 1347 415 1438 oculos,
441 1367 500 1418 mo
525 1349 617 1438 dopo
641 1368 691 1438 se,
719 1345 865 1438 scilicet,
892 1353 973 1440 post
998 1353 1157 1441 tergum,
1181 1349 1223 1439 [α
1247 1350 1450 1438 lepersone

278 1468 378 1538 done.
407 1466 576 1561 Virgilius
602 1465 700 1539 enim
726 1465 921 1538 ambulans
940 1465 977 1538 in
1002 1473 1110 1539 nocte
1126 1465 1341 1560 ignorantiae
1366 1464 1448 1540 fidei

278 1591 427 1677 portans
453 1604 578 1658 secum
606 1585 731 1657 lumen
755 1583 941 1677 sapientiae
966 1583 1169 1657 clarefecit
1191 1583 1347 1659 Statium
1369 1593 1450 1678 post

277 1722 317 1776 se
343 1703 549 1776 venientem
576 1702 724 1776 doctum
751 1722 850 1776 verae
876 1702 969 1776 fidei.
994 1702 1038 1774 Et
1063 1702 1114 1775 sic
1139 1708 1236 1796 patet
1261 1701 1449 1795 quomodo

277 1821 503 1916 comparatio
519 1821 615 1895 benc
631 1821 783 1894 adsonat
796 1815 834 1911 (¹)
852 1820 1047 1914 proposito.
1069 1820 1113 1892 Et
1135 1821 1290 1894 ostendit
1315 1820 1450 1894 Statius

278 1941 464 2034 quomodo
486 1960 552 2034 per
569 1939 629 2013 illa
647 1938 760 2013 verba
778 1938 926 2034 Virgilii,
945 1958 1029 2031 quae
1047 1945 1131 2011 sunt
1148 1939 1264 2033 posita
1281 1946 1318 2013 et
1334 1960 1451 2034 expo·

278 2060 345 2133 sita
372 2061 479 2153 plene
504 2058 624 2151 primo
648 2058 806 2151 capitulo
833 2058 977 2150 lnierni,
1004 2059 1086 2133 ideo
1112 2059 1269 2133 hicnon
1300 2067 1449 2154 repeto3

278 2178 363 2252 dicit
385 2198 494 2273 ergo:
513 2179 655 2268 quondo
672 2180 801 2266 ducati,
819 2177 912 2250 libro
929 2177 1198 2269 Bucolicorum,
1220 2181 1313 2250 sccol
1327 2182 1358 2250 si
1373 2180 1452 2250 rio-

246 2357 248 2362 ,
279 2319 397 2388 nooa;
415 2303 452 2369 et
470 2316 558 2370 vere
584 2316 719 2390 magna
746 2297 935 2370 renovatio
960 2297 1084 2371 saeculi
1106 2298 1200 2372 sacta
1217 2304 1272 2371 est
1288 2299 1357 2371 suh
1375 2298 1452 2370 Au-

280 2424 402 2513 gusto,
416 2416 480 2510 qui
497 2436 633 2512 magna
648 2416 840 2510 prudentia
858 2417 1063 2510 composuit
1081 2417 1260 2492 mundum
1275 2400 1451 2492 liuentem

281 2536 317 2608 in
345 2536 449 2628 vitia;
476 2543 582 2608 torno
605 2538 781 2626 prostrata,
808 2556 892 2627 qnae
917 2521 1121 2630 appellatur
1148 2538 1251 2632 virgo
1275 2558 1298 2611 a
1322 2537 1450 2632 poetis,

279 2677 298 2727 c
318 2660 438 2749 primo
463 2663 576 2748 tempo
600 2676 744 2746 amano,
768 2655 871 2746 idest,
889 2662 977 2729 aetas
1002 2676 1129 2749 aurea,
1155 2677 1240 2749 quae
1265 2657 1333 2730 fuit
1359 2665 1452 2732 tem·

280 2797 370 2871 porc
387 2777 533 2850 Saturni
548 2801 558 2869 ;
584 2798 603 2849 e
624 2778 792 2868 progenie
816 2778 977 2849 ducende
1001 2778 1064 2848 dul
1078 2778 1143 2847 ciel
1157 2797 1287 2864 nuova,
1304 2777 1452 2870 scilicet,

278 2895 466 2991 Augustus
485 2897 542 2969 vel
559 2896 732 2969 Christus
752 2894 796 2966 Et
813 2894 995 2968 concludit
1012 2895 1148 2968 Statius
1169 2915 1215 2968 ex
1238 2895 1360 2969 dictis:
1381 2917 1451 2988 per

279 3021 426 3104 tepoetc
436 3017 503 3107 soi,
511 3036 580 3106 per
597 3024 628 3088 te
643 3017 822 3087 notam.
837 3015 881 3086 Et
898 3014 957 3086 lric
976 3021 1062 3087 nota
1080 3014 1178 3106 quod
1198 3015 1452 3109 unusquisque

279 3140 433 3206 conatur
459 3133 639 3208 reducere
663 3135 735 3207 alta
765 3133 860 3207 dicta
890 3134 1095 3228 sapientum
1128 3135 1350 3229 placentium
1383 3135 1449 3209 sibi

279 3255 325 3328 ad
344 3253 526 3328 saniorem
545 3254 783 3346 intellectum,
797 3254 890 3328 sicut
907 3254 1058 3350 egregie
1076 3255 1159 3329 lacit
1172 3255 1291 3329 Proba
1301 3247 1350 3348 (¹),
1365 3275 1451 3349 quae

280 3375 396 3447 multa
421 3374 516 3448 dicta
542 3381 617 3448 tam
639 3375 788 3447 Homeri
806 3395 918 3467 quam
938 3374 1074 3470 Virgilii
1097 3375 1242 3449 reduxit
1258 3375 1397 3470 placide
1414 3376 1451 3448 in

272 3492 497 3586 obsequium
524 3492 606 3567 fidei
632 3493 846 3568 christianae.
861 3499 995 3566 -Μα,
1027 3494 1092 3567 llic
1122 3494 1258 3569 Statius
1288 3501 1384 3569 tacta
1414 3495 1452 3568 in

278 3612 442 3708 generali
469 3631 580 3685 causa
606 3632 683 3685 suae
708 3613 967 3706 conversionis,
993 3634 1092 3687 nunc
1125 3615 1241 3709 tangit
1272 3614 1387 3709 ipsam
1414 3615 1452 3688 in

279 3732 434 3827 speciali.
462 3732 505 3804 Et
529 3730 614 3804 dicit
638 3751 678 3805 se
704 3731 888 3805 iacturum
921 3752 1027 3806 more
1058 3732 1204 3826 pictoris
1236 3734 1300 3827 qui
1333 3734 1453 3828 primo

278 3853 444 3948 designat
469 3852 627 3946 figuram
652 3872 780 3947 grosso
807 3852 927 3944 modo,
954 3863 1079 3946 postea
1109 3855 1249 3928 colorat
1278 3861 1316 3928 et
1341 3873 1453 3927 exor-

278 3978 352 4044 nat.
379 3971 472 4044 Dicit
496 3990 607 4066 ergo:
635 3976 697 4043 Mo
716 3966 847 4063 percle*
870 3974 971 4061 oeppi
990 3975 1067 4061 md,
1086 3972 1188 4066 idest,
1208 3978 1249 4046 ut
1273 3971 1453 4067 intelligas

280 4088 412 4161 melius
441 4095 478 4162 et
510 4089 656 4182 clarius,
681 4083 736 4162 oid
760 4092 859 4163 citio
884 4093 1042 4184 disepoo,
1070 4091 1107 4164 in
1133 4091 1296 4182 coninso,
1322 4094 1452 4163 disun-
1557 4151 1559 4154 ,

279 4198 365 4278 derd
390 4209 425 4278 la
450 4225 557 4278 mono
582 4228 606 4278 a
630 4210 787 4298 colorar,
809 4208 912 4301 idest,
928 4209 974 4282 ad
995 4209 1268 4284 declarandum.
1296 4210 1339 4282 Et
1363 4228 1452 4282 ecce

278 4326 487 4419 quomodo:
512 4316 574 4416 ord
598 4347 663 4398 cro
687 4329 714 4399 il
737 4329 865 4399 mondo
896 4334 979 4400 tutto
1010 4336 1141 4418 quanto
1168 4349 1321 4420 prepoo,
1346 4327 1451 4417 idest,

341 4581 369 4640 (¹)
385 4586 438 4642 117,
455 4584 667 4634 consonat—lt
684 4589 765 4635 sonat
922 4587 950 4648 (¹)
968 4592 1022 4648 ¹¹⁷,
1039 4589 1124 4639 Proin
1140 4587 1295 4651 poelissinn,
1311 4599 1379 4650 qu.
