3458 5602
604 467 743 523 CANTUS
768 471 964 525 VlGESlblUS
989 470 1132 525 Patulus.
1430 461 1450 524 7

279 609 456 703 principio
481 610 588 687 datus
614 619 669 687 est
694 615 832 688 homini
858 615 1038 689 terminus
1056 615 1211 689 vivendi.
1230 617 1306 690 lloc
1326 624 1452 691 autem

280 737 399 804 totum
426 751 499 804 non
526 733 605 805 vult
631 733 730 806 aliud
755 735 877 808 dicere
895 735 961 807 nisi
984 735 1083 829 quod
1109 735 1176 810 iste
1201 737 1322 810 adbuc
1349 738 1454 811 vivus

279 869 351 922 non
378 856 522 944 poterat
547 851 647 924 solus
672 853 745 926 buc
777 847 1041 947 ascenderet),
1072 855 1158 948 quia
1191 877 1295 930 more
1328 864 1453 930 nostro

278 989 353 1042 non
377 974 522 1063 poterat
546 971 796 1065 contemplari.
824 972 869 1044 Et
894 973 1096 1047 concludit:
1118 976 1199 1046 ond'
1213 978 1247 1046 io
1269 978 1323 1068 sni
1348 982 1453 1047 trotto

276 1093 361 1181 soor
395 1093 439 1163 de
471 1092 624 1182 lamprid
653 1094 738 1181 polo
775 1094 810 1164 d'
823 1096 975 1186 insarno,
1010 1093 1113 1187 idest,
1148 1093 1194 1168 de
1231 1093 1356 1187 limbo,
1388 1093 1451 1186 qui

278 1215 333 1283 est
356 1209 499 1304 primus
525 1229 681 1305 magnus
707 1210 868 1284 circulus
893 1211 930 1283 in
952 1211 1102 1285 introitu
1130 1212 1271 1305 interni,
1286 1234 1353 1304 per
1373 1233 1451 1284 mo-

276 1333 414 1422 rtrorli,
438 1329 584 1422 scilicet,
610 1350 738 1423 poenas
763 1330 1043 1423 damnatorum3
1070 1353 1088 1404 c
1113 1334 1325 1404 montrerolli
1349 1334 1451 1421 ultre,

277 1448 424 1542 scilicet,
450 1469 578 1543 poenas
603 1455 859 1544 purgatorum,
886 1456 1015 1540 quanto
1034 1453 1060 1521 'l
1088 1439 1196 1541 potrd
1222 1471 1346 1522 mcnor
1380 1451 1452 1521 mio

276 1571 410 1656 amolo,
436 1566 540 1660 idest,
567 1587 650 1641 mea
675 1567 851 1641 doctrina.
871 1569 970 1642 Bene
996 1567 1092 1661 dicit,
1111 1569 1197 1662 quia
1224 1569 1316 1642 ratio
1342 1575 1453 1641 natu-

278 1687 363 1760 ralis
388 1707 454 1781 per
479 1685 667 1760 scientiam
694 1687 895 1761 humanam
921 1688 1119 1783 cognoscit,
1142 1686 1241 1782 quod
1267 1687 1360 1760 vitiis
1386 1687 1452 1760 de-

276 1805 412 1879 bentur
438 1806 632 1900 supplicia3
659 1813 696 1879 et
720 1807 840 1881 omnis
866 1807 924 1881 lex
951 1808 1021 1881 hoc
1041 1808 1148 1902 jubet
1173 1814 1209 1882 et
1234 1807 1352 1881 omnis
1370 1805 1450 1900 pbi-

277 1924 440 2019 losopbia
467 1927 536 1999 boc
550 1916 588 2016 (²)
616 1926 734 1999 sentit.

351 2048 414 2116 Mo
438 2045 568 2116 dimmi.
595 2044 667 2119 lsta
693 2050 748 2119 est
774 2044 933 2119 secunda
960 2065 1044 2139 pars
1070 2044 1287 2140 principalis,
1313 2045 1350 2117 in
1376 2066 1451 2138 qua

278 2163 450 2259 Virgilius
475 2165 609 2258 quaerit
633 2185 656 2237 a
681 2164 795 2238 Statio
817 2164 863 2237 de
880 2185 992 2238 causa
1014 2170 1247 2240 terraemotus
1265 2170 1302 2237 et
1322 2170 1451 2237 cantus

279 2283 373 2357 lacti.
402 2283 494 2357 Dicit
519 2303 629 2379 ergo:
655 2288 719 2356 Mo
743 2287 863 2356 dimoti
886 2305 923 2355 se
948 2290 983 2355 tn
1000 2286 1068 2372 soi,
1090 2282 1333 2356 verisimiliter
1351 2271 1453 2355 enim

277 2402 389 2476 debes
414 2403 509 2477 scire
541 2423 627 2477 cum
654 2404 798 2478 steteris
831 2403 889 2477 hic
920 2423 986 2498 per
1016 2410 1068 2476 tot
1099 2403 1222 2476 secula
1252 2423 1448 2496 annorum,

270 2520 402 2616 perclrd
419 2526 445 2595 'l
466 2532 579 2596 monte
605 2517 662 2597 dte*
684 2526 807 2597 dionzi
839 2527 888 2596 toi
916 2526 1029 2614 crolli,
1062 2523 1165 2615 idest,
1196 2544 1313 2617 quare
1345 2542 1451 2596 mons

276 2642 375 2718 dedit
400 2643 510 2737 paulo
536 2650 622 2717 ante
647 2651 723 2717 tam
743 2643 923 2717 terribiles
942 2651 1062 2717 motus
1081 2647 1118 2716 et
1137 2641 1306 2737 agitatus,
1324 2663 1343 2712 e
1365 2663 1452 2733 per·

276 2759 337 2835 cte*
360 2764 435 2834 tutti
459 2764 510 2834 od
534 2782 621 2854 orno,
648 2770 684 2836 et
709 2783 827 2857 quare
852 2782 981 2836 omnes
1006 2761 1153 2856 spiritus
1169 2762 1291 2853 simul,
1314 2781 1449 2852 porocr

275 2885 419 2973 pridor,
445 2881 594 2975 scilicet,
619 2883 736 2980 gloria
762 2883 799 2955 in
825 2882 977 2956 excelsis
1003 2882 1079 2956 Deo
1096 2887 1178 2973 etc,
1195 2883 1304 2972 infioo
1326 2884 1450 2954 o'sooi

271 2998 333 3094 ptd
355 3005 474 3074 motti?
496 3003 598 3096 idest,
617 3024 736 3097 nsque
760 3003 806 3076 ad
833 3002 973 3076 radices
999 3001 1143 3094 montis,
1162 3000 1223 3074 ubi
1242 3007 1328 3073 sunt
1344 3000 1446 3096 junci

277 3129 314 3195 et
339 3122 449 3194 limus
475 3123 605 3217 mollis,
632 3131 673 3197 ut
698 3123 814 3217 patuit
840 3122 959 3216 primo
985 3120 1143 3215 capitulo
1166 3120 1274 3194 buius
1294 3120 1386 3193 libri.
1405 3120 1449 3192 Et

275 3241 398 3316 subdit
422 3249 542 3337 poeta,
568 3243 666 3337 quod
693 3263 738 3316 ex
765 3243 841 3315 sola
867 3241 1040 3336 petitione
1068 3239 1206 3336 Virgilii
1232 3240 1318 3312 satis
1344 3240 1449 3333 quie·

277 3367 374 3437 tatus
399 3369 455 3437 est
479 3363 625 3436 animus
653 3362 743 3455 eius,
770 3360 867 3455 quia,
891 3359 1036 3453 scilicet,
1058 3359 1223 3453 concepit
1243 3379 1344 3454 spem
1367 3380 1451 3434 cer-

276 3490 352 3557 tam
377 3481 512 3556 sciendi
539 3481 637 3575 quod
662 3481 821 3576 optabat.
848 3479 951 3553 Unde
976 3478 1079 3553 dicit:
1106 3471 1135 3551 sl
1160 3482 1208 3550 mi
1226 3475 1284 3552 dte*
1308 3482 1448 3552 dimon-

276 3602 410 3690 dondo,
441 3600 500 3676 ille
531 3600 701 3696 Virgilius
725 3599 772 3673 de
797 3597 995 3694 praedictis3
1020 3620 1088 3690 per
1120 3601 1156 3670 lo
1181 3620 1272 3671 cuno
1298 3601 1355 3671 del
1378 3602 1448 3670 mio

277 3721 381 3808 dubio,
407 3719 510 3812 idest,
530 3720 758 3793 cunabulum
784 3717 964 3810 desiderii,
982 3718 1069 3811 quia
1091 3718 1328 3812 expectabam
1347 3717 1450 3791 velut

277 3859 369 3934 puer
395 3839 433 3913 in
458 3841 643 3914 cunabulo
668 3844 839 3933 expectat
855 3838 911 3911 lac
935 3859 958 3911 a
986 3837 1128 3911 nutrice
1148 3858 1233 3910 cum
1255 3842 1365 3909 acuto
1382 3855 1448 3930 ap-

278 3958 401 4053 petitu,
428 3962 488 4031 cllo
512 3962 549 4031 to
574 3960 750 4046 micaelo,
776 3955 878 4049 idest,
905 3955 1126 4029 desiderium
1148 3953 1294 4047 sciendi,
1323 3957 1354 4026 st
1375 3960 1449 4048 seco

278 4098 354 4150 men
379 4080 538 4168 diplom
564 4077 667 4170 idest,
692 4082 878 4171 appetens,
901 4095 1063 4166 percon
1089 4078 1125 4147 to
1146 4093 1336 4166 speranza,
1362 4080 1448 4148 ante

279 4197 635 4292 responsionem-
660 4199 753 4284 Quot.
789 4194 853 4268 llic
888 4200 996 4289 poeta
1035 4193 1134 4288 ponit
1174 4194 1445 4289 responsionem

280 4315 380 4391 Statii
412 4317 475 4411 qui
505 4317 695 4392 exorditur
708 4306 746 4407 (³)
780 4335 912 4410 parum
945 4336 968 4388 a
1001 4316 1129 4412 longe3
1159 4322 1197 4389 et
1226 4314 1322 4407 dicit,
1348 4312 1445 4408 quod

339 4576 366 4641 t')
383 4581 437 4639 m,
453 4578 585 4631 recodere.
712 4574 740 4640 (⁸)
756 4578 782 4628 S.
798 4578 849 4628 hoe
865 4576 962 4627 scribit.
1090 4575 1117 4637 t')
1134 4576 1165 4626 E.
1182 4574 1317 4625 exorditur
1334 4585 1349 4622 a
1365 4571 1450 4636 longe.
