3458 5602
503 487 642 543 csnrus
667 489 856 544 vrousrnus
880 491 1041 546 rsnrrus.
1296 477 1344 547 le

168 631 258 706 dum
284 638 324 706 et
347 630 626 727 glorificandum
654 654 788 707 nomen
816 641 923 708 tuum
946 656 1032 709 cum
1053 642 1153 711 tanto
1171 638 1290 712 studio
1308 644 1347 712 et

170 752 313 827 maiori.
332 753 377 825 Et
401 751 505 825 dicit:
521 774 587 844 per
605 755 708 824 modo
727 756 788 845 tol,
808 753 911 848 idest,
932 775 1018 828 cum
1037 762 1137 832 tanta
1155 757 1347 832 affectione

170 880 209 949 et
232 873 407 965 efficacia,
439 875 499 945 coe
523 876 685 964 portur-ie
709 876 824 947 diiecto
856 878 1035 968 adoptio,
1066 877 1345 953 delectationem

170 1015 220 1070 ex
235 995 368 1069 devoto
386 999 508 1086 cantu,
526 992 691 1067 dolorem
711 1013 755 1067 ex
775 997 1027 1090 compassione
1047 1018 1185 1071 amara
1207 1017 1346 1093 poenae3

171 1115 259 1209 quia
283 1113 403 1188 allecti
430 1118 597 1186 extrema
624 1112 722 1187 lame
739 1119 776 1188 et
793 1114 861 1208 siti,
880 1116 940 1190 vix
959 1123 1129 1211 poterant
1148 1117 1244 1191 labia
1266 1137 1347 1190 mo-

172 1255 272 1327 vere,
297 1239 363 1308 aut
387 1233 499 1308 verba
516 1226 552 1324 (⁴)
580 1232 753 1309 formare.
773 1235 815 1308 Et
840 1236 961 1309 subdit
987 1237 1198 1332 petitionem
1225 1257 1345 1329 suam,

169 1355 294 1430 dicens
319 1374 404 1427 cum
431 1353 535 1428 brevi
562 1355 796 1448 responsione
815 1355 954 1451 Virgilii
977 1358 1076 1432 circa
1101 1358 1216 1431 dictos
1237 1357 1347 1452 spiri-

170 1483 243 1569 tus,
268 1474 414 1549 dicens:
440 1477 621 1547 σοηιὶηοίιι1
633 1477 682 1566 io,
708 1477 847 1571 supple,
873 1476 1018 1551 dicere:
1046 1499 1068 1549 o
1094 1480 1192 1550 dolce
1213 1480 1346 1570 padre,

169 1595 318 1689 scilicet,
344 1593 480 1689 Virgili,
506 1591 591 1666 cre
614 1598 692 1686 quel
713 1598 799 1668 clr'i’
825 1599 919 1668 odo?
944 1603 977 1668 et
1000 1599 1069 1687 elli,
1094 1597 1241 1690 scilicet,
1260 1598 1346 1670 Vir·

169 1716 279 1812 gilius
298 1714 495 1809 respondit:
523 1716 664 1806 onore,
681 1718 809 1810 supple
825 1723 922 1810 sunt,
940 1719 1001 1789 cte
1026 1738 1144 1790 vanno
1159 1723 1258 1810 forse
1273 1720 1347 1790 sol-

170 1839 284 1909 vendo
309 1839 339 1908 il
360 1838 454 1907 nodo
479 1838 517 1908 di
541 1837 597 1907 lor
623 1838 745 1928 doner,
774 1836 876 1930 idest,
903 1836 1067 1910 debitum
1101 1838 1252 1932 peccati,
1280 1859 1347 1933 pro

169 1956 279 2030 cuius
305 1956 412 2050 culpa
439 1961 525 2028 sunt
550 1955 607 2028 hic
628 1957 804 2030 carcerati
832 1963 869 2030 et
896 1957 1071 2032 macerati
1090 1958 1188 2031 lame
1214 1965 1251 2031 et
1277 1958 1345 2031 siti.

169 2067 271 2150 —Si
294 2096 399 2148 conte.
427 2075 492 2148 llic
517 2081 624 2169 poeta
650 2075 820 2149 describit
841 2076 999 2151 formam
1022 2077 1247 2150 venientium
1265 2077 1347 2151 ani-

170 2216 321 2269 marum
335 2214 402 2290 per
421 2215 534 2267 unam
553 2195 864 2289 comparationem
886 2196 1036 2288 claram,
1053 2195 1193 2270 dicens:
1215 2198 1344 2289 Turbo,

170 2313 275 2407 idest,
302 2334 376 2386 una
402 2313 610 2406 multitudo,
641 2316 817 2404 d'anime,
850 2314 995 2408 scilicet,
1026 2314 1255 2410 gulosorum,
1283 2316 1345 2409 qui

170 2441 259 2509 suut
283 2433 411 2506 infiniti
435 2438 472 2507 et
498 2433 602 2505 multi
628 2433 828 2528 salvantur,
847 2438 951 2507 tacito
976 2460 995 2508 e
1014 2438 1145 2528 divom,
1167 2435 1271 2529 idest,
1290 2443 1346 2510 ta·

170 2555 244 2629 cite
269 2560 306 2628 et
331 2553 463 2627 devote
487 2552 639 2626 tendens
664 2552 711 2627 ad
737 2553 1007 2649 purgationem,
1040 2563 1136 2628 moto
1156 2550 1219 2648 pii
1246 2563 1346 2647 cosm,

168 2674 276 2768 idest,
301 2695 385 2768 quae
412 2673 631 2747 movebatur
657 2674 813 2748 celerius
839 2695 950 2767 quam
974 2695 1050 2768 nos,
1070 2676 1157 2768 quia
1175 2697 1248 2750 non
1266 2683 1346 2749 erat

169 2797 401 2870 homocum
432 2814 544 2868 carne
570 2794 606 2867 in
641 2814 773 2869 eorum
804 2794 989 2888 societate,
1016 2795 1109 2868 sicut
1142 2795 1177 2868 in
1209 2802 1345 2888 nostra,

170 2919 326 2991 venenuo
350 2918 483 2988 diretro
508 2937 532 2986 a
563 2918 623 2988 noi
653 2938 671 2988 e
701 2917 952 3006 tropmsando,
978 2915 1125 3008 scilicet,
1156 2915 1229 2989 cito
1259 2921 1345 2989 ante

170 3059 251 3129 nos,
277 3040 308 3109 ci
332 3038 533 3108 ammiruoa
558 3028 642 3125 cosi,
662 3027 692 3107 sl
712 3056 808 3107 come
832 3038 846 3107 i
866 3038 1034 3126 peregrin
1054 3039 1195 3127 passosi
1217 3042 1346 3129 sonno,

168 3148 317 3249 scilicet,
331 3155 573 3248 admirantur,
585 3158 784 3246 pinguendo
793 3176 860 3246 per
872 3158 1023 3226 commin
1035 3162 1134 3245 gente
1153 3177 1225 3229 non
1243 3164 1344 3250 notu,

169 3278 276 3370 idest,
299 3276 409 3351 aliam
435 3282 584 3372 gentem
610 3275 843 3371 peregrinam
870 3296 943 3349 non
971 3283 1095 3349 notam
1123 3276 1184 3350 eis.
1220 3277 1263 3349 Et
1290 3277 1348 3350 hic

168 3402 259 3471 uota
285 3402 464 3490 quantum
491 3397 569 3468 haec
595 3395 822 3489 comparatio
840 3400 895 3468 est
912 3394 1134 3489 applicabilis
1161 3397 1347 3491 proposito

169 3517 336 3593 autoris:
364 3516 580 3590 sicutenim
609 3515 883 3611 peregrinantes
909 3514 1048 3589 vadunt
1077 3535 1144 3609 per
1175 3516 1273 3589 viam
1300 3516 1346 3590 ad

170 3637 434 3733 indulgentiam
461 3641 697 3733 peccatorum
723 3656 877 3708 suorum
901 3655 988 3708 curn
1006 3635 1200 3709 devotione
1226 3642 1262 3709 et
1290 3642 1345 3708 ta-

169 3760 243 3835 cita
267 3759 455 3851 oratione3
481 3759 528 3831 ita
556 3777 654 3830 nunc
679 3755 734 3828 isti
762 3755 908 3851 spiritus
935 3754 1124 3828 tendentes
1143 3754 1189 3828 ad
1208 3775 1347 3849 purga-

170 3880 330 3953 tionem:
357 3882 393 3951 et
417 3877 513 3951 sicut
536 3875 762 3950 invenientes
786 3875 876 3949 alios
893 3874 1106 3969 peregrinos
1127 3873 1269 3968 ignotos
1288 3893 1348 3947 re-

171 3997 386 4092 trospiciunt
421 3996 486 4069 sibi
520 4018 542 4069 a
573 4003 690 4091 tergo,
717 4002 754 4068 et
786 3994 871 4067 nihil
905 3993 1050 4087 dicunt3
1079 3993 1129 4067 ita
1161 4014 1258 4068 nunc
1290 3995 1345 4068 isti

169 4118 398 4192 invenientes
427 4115 631 4212 Virgilium,
663 4115 830 4208 Statium,
849 4121 885 4189 et
906 4115 1061 4188 Dantem
1084 4135 1157 4188 nou
1182 4115 1348 4210 cognitos

168 4239 251 4333 sibi,
278 4238 472 4313 reflectunt
499 4257 550 4329 se,
577 4243 612 4311 et
639 4257 713 4310 non
740 4234 926 4309 retardant
951 4256 1062 4308 suum
1089 4235 1169 4328 iter,
1193 4255 1240 4310 ne
1262 4257 1347 4330 per-

168 4360 260 4433 daut
278 4365 424 4454 tempus
438 4364 474 4431 et
492 4357 579 4429 nilril
592 4356 727 4430 dicunt.
743 4357 784 4429 Et
802 4354 923 4428 subdit
936 4355 1101 4428 habitum
1117 4345 1344 4446 dictarumff)

234 4614 263 4673 (¹)
281 4617 335 4673 117,
351 4613 460 4664 verbum
478 4611 600 4662 formare.
798 4609 826 4671 (¹)
843 4613 896 4669 117,
914 4608 1021 4659 istarum
1038 4609 1193 4659 animarum.

311 4720 349 4764 lv.
1203 4716 1216 4755 1
