3458 5602
417 485 439 546 2
776 491 979 545 COMENTUM
1005 490 1227 545 Puuotroutt

417 639 645 713 desiderabat
672 636 765 710 scire
795 656 945 708 causam
979 635 1073 707 illius
1104 639 1348 725 terraemotus,
1377 632 1459 706 ideo
1489 654 1587 708 nunc

416 760 593 853 replicans
611 757 706 859 idem
725 755 881 829 ostendit
898 777 1003 829 suam
1022 754 1312 848 dispositionem3
1327 760 1363 827 et
1379 753 1475 846 dicit,
1489 753 1587 846 quod

416 879 596 972 appetitus
622 875 756 951 sciendi
783 875 890 949 nimis
917 875 1133 949 molestabat
1159 895 1257 947 eum.
1281 872 1350 946 Sed
1376 872 1422 946 ad
1449 873 1589 967 plenio-

417 1017 496 1070 rem
532 995 804 1091 intelligentiam
841 995 955 1067 literae
992 1000 1047 1067 est
1086 993 1205 1087 primo
1245 991 1449 1085 sciendum,
1488 992 1586 1085 quod

417 1136 502 1189 cum
519 1109 555 1208 (¹)
584 1117 747 1190 Christus
765 1114 811 1188 de
828 1113 953 1187 Judaea
974 1114 1042 1187 iret
1063 1113 1099 1185 in
1120 1112 1306 1186 Galilaeam
1325 1111 1503 1184 transiens
1521 1131 1587 1205 per

419 1235 623 1308 Samariam
650 1233 816 1328 pervenit
841 1232 886 1306 ad
912 1233 1035 1306 locum
1062 1230 1125 1304 ubi
1143 1238 1223 1304 erat
1240 1231 1319 1303 lons
1337 1231 1460 1323 Jacob,
1478 1236 1516 1304 et
1532 1231 1587 1304 la-

418 1354 553 1449 ligatus
578 1376 625 1429 ex
652 1354 781 1427 itinere
806 1353 916 1447 coepit
941 1352 1070 1426 sedere
1095 1351 1154 1424 ibi.
1182 1353 1225 1424 Et
1252 1370 1338 1424 ecce
1368 1349 1501 1424 mulier
1527 1373 1587 1425 sa-

417 1474 596 1547 maritana
630 1473 729 1547 venit
759 1471 805 1544 ad
837 1470 1076 1544 hauriendam
1108 1491 1268 1564 aquam3
1295 1469 1457 1563 discipuli
1488 1470 1585 1543 enim

416 1593 559 1666 iverant
584 1593 620 1664 in
646 1591 829 1665 civitatem
860 1590 906 1663 ad
940 1589 1137 1663 emendum
1155 1581 1192 1680 (²)
1227 1589 1336 1661 cibos.
1370 1588 1466 1660 Dixit
1495 1609 1587 1685 ergo

416 1711 539 1784 Jesus:
565 1710 611 1784 da
637 1709 725 1782 mibi
751 1710 887 1783 bibere.
915 1708 981 1782 Cui
1008 1709 1141 1782 mulier
1169 1707 1371 1802 respondit:
1399 1708 1587 1800 quomodo

415 1851 502 1905 cum
528 1831 575 1903 sis
591 1830 737 1926 judaeus
758 1830 849 1924 petis
866 1851 888 1903 a
907 1849 967 1902 me
985 1829 1206 1902 samaritana
1224 1829 1375 1902 bibere?
1396 1831 1586 1903 nonenim

416 1958 618 2024 coutuntur
631 1950 743 2044 judaei
760 1949 1000 2022 samaritanis.
1019 1948 1215 2042 Respondit
1229 1939 1266 2039 (³)
1284 1948 1407 2022 Jesus:
1427 1950 1454 2021 si
1474 1950 1588 2024 scires

415 2069 553 2143 donum
580 2070 643 2144 Dei
670 2070 796 2163 quanti
822 2069 955 2143 valoris
980 2069 1025 2141 sit
1050 2069 1200 2163 petisses
1225 2070 1272 2142 ab
1295 2090 1351 2162 eo,
1370 2075 1406 2142 et
1431 2068 1588 2144 dedisset

416 2188 479 2262 tibi
505 2209 641 2281 aquam
668 2189 811 2281 vivam3
830 2195 866 2262 et
892 2187 1028 2261 subdit:
1050 2188 1170 2261 omnis
1188 2187 1251 2280 qui
1268 2188 1399 2262 biberit
1420 2208 1465 2262 ex
1488 2210 1587 2282 aqua

418 2307 484 2380 bac
510 2307 605 2380 sitiet
630 2307 785 2400 iterum;
816 2307 913 2399 *qui
945 2312 1070 2379 autem
1104 2306 1235 2379 biberit
1266 2327 1312 2380 ex
1343 2327 1441 2399 aqua
1471 2329 1586 2400 quam

417 2446 487 2522 ego
512 2425 605 2500 dabo
633 2426 694 2500 tibi
721 2446 794 2499 non
820 2426 914 2498 sitiet
932 2424 1129 2518 uuquam*
1146 2413 1193 2515 (⁴).
1216 2425 1269 2498 De
1286 2425 1352 2498 ista
1370 2447 1468 2518 aqua
1485 2426 1587 2500 dice·

416 2551 478 2617 tur
504 2545 663 2619 Paradisi
689 2546 847 2640 capitulo
868 2546 978 2618 XXX.
1000 2546 1104 2617 Nunc
1123 2545 1192 2618 erit
1218 2544 1322 2618 litera
1348 2544 1446 2618 clara
1472 2566 1585 2638 quam

416 2684 559 2759 expone
584 2665 654 2739 sic:
681 2670 733 2737 Lo
761 2672 829 2737 sele
858 2667 1015 2753 natural,
1048 2663 1150 2756 idest,
1184 2663 1404 2737 desiderium
1431 2665 1586 2759 sciendi3

415 2805 502 2858 uam
541 2806 670 2859 omnes
709 2785 925 2858 naturaliter
963 2784 1057 2856 scire
1094 2782 1320 2875 desideraut;
1351 2783 1457 2856 cuius
1494 2785 1587 2859 ratio

415 2904 560 2978 videtur
599 2905 684 2998 quia
726 2905 980 2998 unusquisque
1017 2903 1154 2998 appetit
1194 2903 1409 2977 naturaliter
1452 2904 1585 2996 perfici.

415 3022 571 3096 Scieutia
596 3029 722 3096 autem
749 3030 804 3097 est
830 3023 1003 3117 perfectio
1029 3023 1172 3114 anima,
1200 3021 1283 3094 licet
1309 3022 1388 3097 talis
1415 3023 1587 3116 perlectio

415 3162 489 3214 nou
515 3142 695 3215 habeatur
725 3143 760 3213 iu
794 3142 852 3215 via
883 3140 928 3214 ad
960 3140 1121 3235 plenum,
1148 3141 1210 3214 sed
1237 3141 1355 3214 solum
1384 3143 1419 3213 in
1446 3143 1587 3237 patria;

416 3259 497 3333 ideo
522 3259 626 3333 dicit:
656 3263 716 3333 cbe
741 3263 813 3331 mai
838 3280 909 3331 uon
933 3263 1048 3350 aazia,
1075 3260 1276 3353 appetitum
1303 3261 1426 3355 animi,
1452 3284 1490 3333 se
1515 3283 1587 3335 non

416 3401 482 3453 con
507 3383 668 3470 lacque,
687 3381 822 3454 scilicet
843 3380 937 3473 viva,
959 3400 1043 3472 quar
1067 3386 1121 3454 est
1142 3381 1259 3476 gratia
1281 3381 1434 3475 Spiritus
1460 3382 1586 3475 sancti,

415 3503 518 3590 oiim,
551 3499 652 3594 idest,
687 3522 797 3594 aqua,
832 3503 868 3571 tu
897 3503 1107 3593 fcmmiuettu
1140 3503 1363 3572 samonium
1395 3493 1587 3574 adimendi>

416 3621 452 3692 lu
476 3621 618 3709 pratia,
643 3640 728 3693 cum
759 3619 868 3692 dixit:
901 3622 1061 3708 Domine,
1087 3622 1136 3691 du
1162 3623 1244 3692 mili
1268 3624 1311 3693 de
1334 3623 1400 3693 boc
1425 3641 1520 3710 aquo
1551 3628 1589 3692 ut

415 3759 487 3811 nou
511 3740 625 3810 uttam
650 3743 687 3810 iu
712 3747 893 3829 aetmnum,
923 3738 1017 3811 sicut
1045 3739 1216 3811 scribitur
1245 3739 1392 3813 loannis
1416 3742 1462 3813 lli
1488 3739 1588 3832 capi-

415 3859 504 3931 tulo.
535 3859 578 3931 Et
610 3858 668 3932 bic
701 3866 787 3934 uota
818 3857 916 3952 quod
946 3857 1156 3930 samaritani
1188 3859 1362 3933 dilleruut
1394 3859 1586 3955 aiudaeis,

415 3975 508 4049 sicut
532 3976 643 4072 graeci
668 3998 692 4050 a
717 3977 845 4070 latinis,
875 3977 959 4070 quia
987 3984 1072 4049 sunt
1098 3977 1290 4050 scismatici
1321 3978 1357 4049 in
1384 3978 1473 4071 fide;
1500 3999 1585 4051 uam

415 4095 562 4188 quando
591 4094 762 4169 videbant
783 4096 926 4191 judaeos
947 4096 1080 4170 llorere
1106 4097 1336 4191 appellabant
1362 4118 1425 4172 eos
1450 4119 1588 4193 cogna-

476 4359 504 4421 t')
520 4359 550 4408 E.
559 4371 621 4409 oum
629 4359 789 4422 Redemptor
797 4364 886 4409 noster
895 4358 1091 4422 pretiosissimus
1102 4359 1228 4410 muninus
1238 4367 1326 4411 noster
1335 4361 1410 4412 tosus
1418 4361 1535 4413 Christus
1545 4363 1585 4414 de.

477 4433 505 4496 (¹)
521 4434 552 4484 tt
568 4435 700 4486 emendos.

477 4507 504 4570 (¹)
522 4508 552 4558 tt.
568 4509 709 4571 Respondit
726 4511 851 4561 Dominus
865 4510 948 4560 Iesus.

476 4583 504 4646 (¹)
519 4584 556 4634 La
572 4585 661 4647 parole
676 4586 717 4637 ira
734 4587 743 4636 i
760 4587 810 4637 duc
825 4584 957 4636 uterisclri
973 4597 1037 4635 sono
1054 4585 1095 4636 dei
1109 4584 1197 4637 Codici
1213 4587 1243 4638 tt.
1259 4601 1274 4639 a
1290 4588 1316 4639 S.
