3458 5602
579 471 718 527 usurus
744 473 935 528 trossulus
960 474 1154 530 sucuuuus.
1404 464 1449 531 25

276 615 358 690 dico
383 616 463 709 fuit,
488 617 650 688 dolloro
674 619 734 688 cle
762 620 961 708 diaconato,
988 618 1051 711 qui
1077 618 1146 691 fuit
1170 624 1277 712 poeta
1303 627 1449 715 satyrus

276 734 323 810 de
347 735 503 829 Aquino,
527 756 684 831 magnus
709 737 869 831 moraliS,
886 741 1014 812 discere
1031 740 1089 810 nel
1103 739 1206 811 limbo
1223 742 1301 812 dell
1311 743 1450 833 inform

278 862 336 927 tro
360 859 434 945 noi,
459 855 561 947 idest,
587 856 682 929 inter
707 863 834 950 poetas
854 878 1015 952 paganos
1048 857 1217 950 illustres,
1243 858 1290 932 de
1315 860 1450 951 quihus

277 975 415 1049 dictum
442 981 497 1050 est
521 975 654 1049 Inferni
681 976 840 1070 capitulo
865 977 937 1070 llll,
965 983 1002 1064 et
1026 977 1168 1051 dicetur
1194 978 1230 1050 in
1256 979 1325 1052 hoc
1351 978 1450 1072 capi·

278 1094 357 1167 tulo
366 1087 402 1184 (¹)
419 1094 528 1188 paulo
546 1093 650 1186 iufra,
664 1097 724 1167 cle
737 1098 785 1167 mi
797 1099 834 1188 se
848 1098 966 1187 polese
982 1098 1019 1168 lo
1038 1103 1097 1168 too
1110 1100 1276 1188 offcziou,
1286 1119 1398 1190 quam
1410 1088 1446 1188 (²)

278 1206 438 1286 habebas
456 1232 545 1309 erga
566 1232 635 1286 me.
657 1213 702 1285 Et
718 1214 777 1287 lric
797 1221 883 1288 nota
901 1214 1000 1308 quod
1018 1215 1130 1309 aliqui
1147 1215 1274 1289 dicunt
1283 1206 1334 1308 (³),
1349 1215 1448 1309 quod

278 1340 384 1426 poeta
410 1340 535 1407 noster
560 1332 705 1407 videtur
722 1333 780 1407 hic
801 1354 956 1428 errasse,
974 1335 1126 1409 dicendo
1147 1336 1246 1429 quod
1264 1336 1449 1410 luvenalis

275 1452 344 1525 fuit
359 1441 395 1543 (⁴)
423 1459 595 1527 mortuus
619 1459 706 1525 ante
731 1451 899 1546 Statium,
919 1473 1006 1527 cum
1032 1455 1102 1528 lroc
1126 1455 1173 1527 sit
1197 1454 1340 1546 falsum,
1362 1455 1448 1548 quia

275 1572 462 1647 luvenalis
487 1571 572 1646 facit
589 1571 813 1645 mentionem
832 1579 869 1646 et
885 1573 1241 1647 commendationem
1260 1574 1306 1648 de
1322 1572 1447 1666 Statio,

277 1700 319 1765 ut
338 1693 418 1787 jam
444 1690 517 1764 diri
543 1691 702 1785 capitulo
726 1692 957 1786 praecedenti.
977 1693 1178 1766 Dicendum
1205 1699 1261 1767 est
1286 1693 1448 1767 breviter

276 1811 376 1906 quod
401 1811 535 1885 Dentes
561 1830 633 1883 non
658 1810 744 1884 dicit
776 1813 991 1886 Iuvenalem
1018 1812 1130 1886 fuisse
1161 1818 1248 1885 ante
1279 1812 1448 1907 Statium,

276 1931 341 2006 sed
378 1931 499 2004 solum
535 1929 634 2023 quod
673 1931 859 2005 luvenalis
893 1931 1137 2006 manifestavit
1175 1931 1242 2004 sibi
1279 1952 1448 2006 amorem

277 2051 380 2126 Statii
407 2070 497 2146 erga
522 2049 724 2146 Virgilium.
755 2052 847 2124 Nam
873 2050 1043 2146 Virgilius
1072 2051 1135 2144 qui
1169 2051 1237 2123 fuit
1265 2051 1327 2124 diu
1361 2060 1449 2126 ante

277 2171 434 2247 Statium
453 2190 657 2262 numquam
678 2170 796 2264 potuit
812 2170 937 2244 videre
955 2190 1041 2245 eum
1065 2172 1121 2245 vel
1139 2192 1231 2264 opus
1251 2171 1342 2263 eius,
1360 2171 1447 2264 quia

279 2290 416 2366 Statius
440 2289 601 2363 moriens
626 2310 699 2362 non
726 2289 790 2361 ivit
814 2289 861 2361 ad
878 2288 1082 2382 infernum,
1100 2290 1164 2364 sed
1182 2291 1366 2365 luvenalis
1383 2291 1448 2383 qui

280 2409 349 2482 fuit
361 2415 443 2503 post
459 2408 613 2482 Statium
632 2408 727 2481 bene
744 2407 831 2481 vidit
848 2427 960 2501 opera
977 2407 1095 2500 Statii3
1113 2415 1252 2482 etcum
1273 2410 1309 2482 in
1328 2417 1447 2483 morte

279 2535 470 2621 tamquam
500 2546 664 2622 paganus
695 2526 760 2600 ivit
791 2527 836 2600 ad
872 2527 1026 2600 limbum
1053 2526 1116 2599 ubi
1148 2534 1228 2603 erat
1261 2528 1443 2625 Virgilius,

275 2647 394 2742 potuit
407 2639 446 2739 (⁵)
464 2647 586 2721 dicere
603 2647 761 2741 qualiter
781 2647 929 2740 quidam
947 2653 1054 2741 poeta
1075 2648 1204 2721 nobilis
1229 2649 1349 2722 fuerat
1367 2657 1448 2742 post

276 2767 396 2863 ipsum
422 2787 488 2861 per
514 2768 665 2863 longum
693 2772 850 2861 tempus,
870 2767 935 2859 qui
952 2787 1100 2841 summe
1118 2774 1311 2841 amaverat
1327 2775 1365 2842 et
1382 2789 1447 2842 ex-

276 2886 413 2960 tulerat
437 2884 628 2979 Virgilium
645 2875 683 2977 (⁸)
709 2890 746 2958 et
770 2905 882 2979 opera
914 2885 1151 2959 eius-llo.
1185 2885 1251 2958 Hic
1277 2886 1448 2982 Virgilius

277 3004 465 3100 praemisso
490 3005 619 3099 pulcro
644 3005 795 3079 exordio
815 3005 901 3079 facit
917 3003 1127 3099 petitionem
1146 3024 1265 3098 suam,
1287 3011 1324 3079 et
1344 3025 1449 3098 quae-

278 3123 323 3196 rit
346 3145 370 3197 a
396 3123 511 3197 Statio
535 3143 623 3197 curn
648 3122 889 3197 admiratione
906 3123 953 3198 de
978 3122 1066 3196 vitio
1091 3123 1128 3196 in
1153 3142 1229 3215 quo
1255 3123 1449 3197 videbatur

278 3242 398 3317 fuisse
425 3243 518 3316 Dicit
542 3263 649 3339 ergo:
677 3248 739 3315 llo
763 3246 884 3316 dimoti
908 3264 1004 3316 come
1020 3245 1185 3315 uoorizio
1199 3249 1301 3334 poteo
1322 3251 1447 3315 trooor

279 3365 376 3436 looco
402 3365 526 3436 denuo
550 3367 589 3435 ai
610 3384 708 3453 seno,
733 3363 836 3454 idest,
854 3360 1093 3457 capacitatem
1117 3369 1234 3456 tuam,
1250 3382 1339 3436 cum
1357 3383 1447 3436 ava·

281 3483 358 3556 ritia
383 3484 543 3556 multum
570 3482 615 3557 sit
640 3481 785 3555 inimica
812 3481 937 3576 poetis,
956 3489 1014 3554 tro
1040 3487 1177 3554 colorato
1201 3502 1325 3571 sentio,
1343 3481 1445 3575 idest,

279 3600 370 3677 inter
400 3610 538 3677 tantam
565 3601 791 3697 sapientiam,
824 3604 863 3674 di
894 3609 1023 3692 quanto
1045 3597 1136 3695 Tosti
1160 3604 1266 3694 piato
1291 3623 1360 3693 per
1386 3609 1445 3674 too

278 3741 377 3811 otro,
404 3721 504 3815 idest,
531 3721 666 3794 studio:
694 3727 732 3795 et
756 3719 842 3794 facit
861 3720 1119 3815 parenthesim,
1140 3720 1280 3793 diceus:
1307 3741 1326 3792 e
1350 3741 1447 3793 come

280 3844 390 3913 mnico
416 3843 465 3912 mi
483 3843 660 3933 perdono,
689 3840 776 3933 quia
801 3839 1055 3914 benevolentia
1078 3861 1125 3913 en
1151 3859 1250 3912 nunc
1275 3847 1330 3912 est
1355 3859 1444 3912 oon-

279 3980 383 4034 rersa
407 3958 446 4033 iu
473 3979 600 4033 veram
625 3958 836 4052 amicitiam,
866 3980 904 4031 sc
928 3966 1056 4050 troppo
1080 3948 1218 4032 secrotd
1243 3960 1288 4029 m'
1301 3962 1446 4049 ollorpo

277 4081 448 4172 titterco,
478 4078 582 4172 quasi
614 4077 728 4151 dicat:
761 4077 792 4151 si
824 4077 931 4150 nimis
962 4077 1117 4152 fidenter
1148 4083 1185 4151 et
1219 4076 1446 4153 familiariter

277 4197 381 4272 fuero
407 4199 551 4272 locutus
577 4207 721 4290 tecum3
747 4219 766 4270 e
790 4219 886 4270 come
910 4201 1024 4271 amico
1047 4200 1142 4271 omui
1167 4219 1261 4270 mcco
1277 4203 1447 4290 ruptone,

336 4425 364 4486 (¹)
381 4429 435 4486 117,
452 4426 571 4489 presenti
586 4425 710 4489 capitulo.
798 4421 826 4483 (¹)
841 4421 867 4471 S.
885 4435 963 4486 quam
977 4423 1056 4472 habos
1071 4437 1134 4488 erga
1150 4435 1201 4472 me.

335 4500 363 4562 (¹)
380 4506 434 4561 117,
451 4507 549 4552 temore
565 4502 662 4552 dicunt
797 4498 824 4561 (⁸)
841 4501 886 4548 fil
902 4512 917 4548 a
934 4499 965 4547 lt.
981 4498 1070 4549 fuerit.

337 4578 364 4642 (Ἴ
381 4578 412 4630 Β·
428 4579 512 4642 Ρῠῑῠίῑ
526 4579 551 4631 οἱ
567 4578 663 4630 disere·
797 4575 824 4638 (³)
841 4579 894 4635 ¹¹⁷,
911 4587 1014 4639 sempm
1030 4575 1168 4640 Virgilium
1184 4580 1211 4625 at
1227 4588 1305 4638 opera
1320 4576 1445 4628 eiusdem.
