<?xml version="1.0" encoding="UTF-8"?>
<!DOCTYPE html PUBLIC "-//W3C//DTD XHTML 1.0 Transitional//EN"
    "http://www.w3.org/TR/xhtml1/DTD/xhtml1-transitional.dtd">
<html xmlns="http://www.w3.org/1999/xhtml" xml:lang="en" lang="en">
 <head>
  <title>
</title>
<meta http-equiv="Content-Type" content="text/html;charset=utf-8" />
  <meta name='ocr-system' content='tesseract 3.04.00' />
  <meta name='ocr-capabilities' content='ocr_page ocr_carea ocr_par ocr_line ocrx_word'/>
</head>
<body>
  <div class='ocr_page' id='page_1' title='image "benevenutideram01benvgoog_0025.png"; bbox 0 0 3458 5602; ppageno 0'>
   <div class='ocr_carea' id='block_1_1' title="bbox 279 449 1083 545">
    <p class='ocr_par' dir='ltr' id='par_1_1' title="bbox 279 449 1083 545">
     <span class='ocr_line' id='line_1_1' title="bbox 279 449 1083 545; baseline -0.007 -30"><span class='ocrx_word' id='word_1_1' title='bbox 279 449 323 515; x_wconf 79' lang='lat'><strong>12</strong></span> <span class='ocrx_word' id='word_1_2' title='bbox 635 458 841 545; x_wconf 73' lang='lat' dir='ltr'><strong>conandum</strong></span> <span class='ocrx_word' id='word_1_3' title='bbox 866 457 1083 512; x_wconf 74' lang='lat' dir='ltr'><strong>nuncnmnu</strong></span> 
     </span>
    </p>
   </div>
   <div class='ocr_carea' id='block_1_2' title="bbox 274 600 1450 4395">
    <p class='ocr_par' dir='ltr' id='par_1_2' title="bbox 274 600 1445 934">
     <span class='ocr_line' id='line_1_2' title="bbox 274 600 1445 698; baseline -0.001 -22"><span class='ocrx_word' id='word_1_4' title='bbox 274 603 421 677; x_wconf 91' lang='lat' dir='ltr'><strong>dissime</strong></span> <span class='ocrx_word' id='word_1_5' title='bbox 446 604 592 697; x_wconf 88' lang='lat' dir='ltr'><strong>bibere;</strong></span> <span class='ocrx_word' id='word_1_6' title='bbox 618 604 664 678; x_wconf 91' lang='lat' dir='ltr'><strong>de</strong></span> <span class='ocrx_word' id='word_1_7' title='bbox 696 624 770 698; x_wconf 93' lang='lat' dir='ltr'><strong>quo</strong></span> <span class='ocrx_word' id='word_1_8' title='bbox 800 602 1010 695; x_wconf 89' lang='lat' dir='ltr'><strong>increpatus</strong></span> <span class='ocrx_word' id='word_1_9' title='bbox 1034 623 1056 675; x_wconf 91' lang='lat' dir='ltr'><strong>a</strong></span> <span class='ocrx_word' id='word_1_10' title='bbox 1084 600 1196 674; x_wconf 88' lang='lat' dir='ltr'><strong>milite</strong></span> <span class='ocrx_word' id='word_1_11' title='bbox 1226 600 1323 675; x_wconf 93' lang='lat' dir='ltr'><strong>socio</strong></span> <span class='ocrx_word' id='word_1_12' title='bbox 1354 601 1445 675; x_wconf 84' lang='lat' dir='ltr'>dixit</span> 
     </span>
     <span class='ocr_line' id='line_1_3' title="bbox 276 721 1442 817; baseline -0.003 -20"><span class='ocrx_word' id='word_1_13' title='bbox 276 743 317 797; x_wconf 88' lang='lat' dir='ltr'><strong>se</strong></span> <span class='ocrx_word' id='word_1_14' title='bbox 341 742 545 817; x_wconf 83' lang='lat' dir='ltr'><strong>numquam</strong></span> <span class='ocrx_word' id='word_1_15' title='bbox 578 723 709 797; x_wconf 89' lang='lat' dir='ltr'><strong>melius</strong></span> <span class='ocrx_word' id='word_1_16' title='bbox 741 722 886 815; x_wconf 84' lang='lat' dir='ltr'><strong>bibisse,</strong></span> <span class='ocrx_word' id='word_1_17' title='bbox 911 722 997 816; x_wconf 94' lang='lat' dir='ltr'><strong>quia</strong></span> <span class='ocrx_word' id='word_1_18' title='bbox 1023 742 1228 814; x_wconf 84' lang='lat' dir='ltr'><strong>numquam</strong></span> <span class='ocrx_word' id='word_1_19' title='bbox 1260 721 1442 796; x_wconf 88' lang='lat' dir='ltr'><strong>babuerat</strong></span> 
     </span>
     <span class='ocr_line' id='line_1_4' title="bbox 276 837 436 934; baseline -0.006 -18"><span class='ocrx_word' id='word_1_20' title='bbox 276 842 370 916; x_wconf 89' lang='lat' dir='ltr'><strong>sitim</strong></span> <span class='ocrx_word' id='word_1_21' title='bbox 386 837 436 934; x_wconf 78' lang='lat'><strong>(¹).</strong></span> 
     </span>
    </p>

    <p class='ocr_par' dir='ltr' id='par_1_3' title="bbox 274 958 1450 4395">
     <span class='ocr_line' id='line_1_5' title="bbox 351 958 1444 1055; baseline -0.001 -20"><span class='ocrx_word' id='word_1_22' title='bbox 351 967 417 1036; x_wconf 76' lang='lat' dir='ltr'><strong>E&#39;l</strong></span> <span class='ocrx_word' id='word_1_23' title='bbox 431 966 539 1036; x_wconf 77' lang='lat' dir='ltr'><strong>sacto.</strong></span> <span class='ocrx_word' id='word_1_24' title='bbox 566 965 637 1037; x_wconf 90' lang='lat' dir='ltr'><strong>lsta</strong></span> <span class='ocrx_word' id='word_1_25' title='bbox 663 969 717 1036; x_wconf 89' lang='lat' dir='ltr'><strong>est</strong></span> <span class='ocrx_word' id='word_1_26' title='bbox 743 961 850 1035; x_wconf 91' lang='lat' dir='ltr'><strong>tertia</strong></span> <span class='ocrx_word' id='word_1_27' title='bbox 875 980 960 1055; x_wconf 91' lang='lat' dir='ltr'><strong>pars</strong></span> <span class='ocrx_word' id='word_1_28' title='bbox 985 958 1190 1053; x_wconf 90' lang='lat' dir='ltr'><strong>principalis</strong></span> <span class='ocrx_word' id='word_1_29' title='bbox 1216 960 1325 1033; x_wconf 91' lang='lat' dir='ltr'><strong>buius</strong></span> <span class='ocrx_word' id='word_1_30' title='bbox 1345 961 1444 1055; x_wconf 88' lang='lat' dir='ltr'><strong>capi-</strong></span> 
     </span>
     <span class='ocr_line' id='line_1_6' title="bbox 277 1073 1445 1177; baseline -0.001 -24"><span class='ocrx_word' id='word_1_31' title='bbox 277 1081 354 1175; x_wconf 90' lang='lat' dir='ltr'><strong>tuli,</strong></span> <span class='ocrx_word' id='word_1_32' title='bbox 381 1082 417 1154; x_wconf 91' lang='lat' dir='ltr'><strong>in</strong></span> <span class='ocrx_word' id='word_1_33' title='bbox 443 1103 517 1176; x_wconf 94' lang='lat' dir='ltr'><strong>qua</strong></span> <span class='ocrx_word' id='word_1_34' title='bbox 533 1073 570 1172; x_wconf 83' lang='lat'><strong>(¹)</strong></span> <span class='ocrx_word' id='word_1_35' title='bbox 597 1081 768 1177; x_wconf 81' lang='lat' dir='ltr'><strong>Virgilius</strong></span> <span class='ocrx_word' id='word_1_36' title='bbox 793 1080 943 1174; x_wconf 84' lang='lat' dir='ltr'><strong>inquirit</strong></span> <span class='ocrx_word' id='word_1_37' title='bbox 968 1101 990 1152; x_wconf 89' lang='lat' dir='ltr'><strong>a</strong></span> <span class='ocrx_word' id='word_1_38' title='bbox 1015 1078 1128 1152; x_wconf 81' lang='lat' dir='ltr'><strong>Statio</strong></span> <span class='ocrx_word' id='word_1_39' title='bbox 1154 1079 1236 1171; x_wconf 89' lang='lat' dir='ltr'><strong>quis</strong></span> <span class='ocrx_word' id='word_1_40' title='bbox 1262 1080 1388 1174; x_wconf 80' lang='lat' dir='ltr'><strong>luerit5</strong></span> <span class='ocrx_word' id='word_1_41' title='bbox 1407 1087 1445 1154; x_wconf 92' lang='lat' dir='ltr'><strong>et</strong></span> 
     </span>
     <span class='ocr_line' id='line_1_7' title="bbox 276 1198 1444 1295; baseline 0 -23"><span class='ocrx_word' id='word_1_42' title='bbox 276 1200 395 1295; x_wconf 92' lang='lat' dir='ltr'><strong>primo</strong></span> <span class='ocrx_word' id='word_1_43' title='bbox 420 1201 549 1274; x_wconf 88' lang='lat' dir='ltr'><strong>asserit</strong></span> <span class='ocrx_word' id='word_1_44' title='bbox 574 1221 614 1274; x_wconf 90' lang='lat' dir='ltr'><strong>se</strong></span> <span class='ocrx_word' id='word_1_45' title='bbox 638 1201 782 1273; x_wconf 90' lang='lat' dir='ltr'><strong>clarum</strong></span> <span class='ocrx_word' id='word_1_46' title='bbox 799 1200 846 1273; x_wconf 93' lang='lat' dir='ltr'><strong>de</strong></span> <span class='ocrx_word' id='word_1_47' title='bbox 865 1198 1097 1293; x_wconf 82' lang='lat' dir='ltr'><strong>responsione</strong></span> <span class='ocrx_word' id='word_1_48' title='bbox 1115 1198 1208 1271; x_wconf 86' lang='lat' dir='ltr'><strong>lacta</strong></span> <span class='ocrx_word' id='word_1_49' title='bbox 1225 1198 1271 1271; x_wconf 88' lang='lat' dir='ltr'><strong>ad</strong></span> <span class='ocrx_word' id='word_1_50' title='bbox 1291 1206 1444 1293; x_wconf 90' lang='lat' dir='ltr'><strong>captan-</strong></span> 
     </span>
     <span class='ocr_line' id='line_1_8' title="bbox 277 1319 1442 1413; baseline -0.004 -18"><span class='ocrx_word' id='word_1_51' title='bbox 277 1321 360 1395; x_wconf 90' lang='lat' dir='ltr'><strong>dam</strong></span> <span class='ocrx_word' id='word_1_52' title='bbox 388 1320 699 1413; x_wconf 90' lang='lat' dir='ltr'><strong>beuevolentiam;</strong></span> <span class='ocrx_word' id='word_1_53' title='bbox 717 1319 816 1393; x_wconf 93' lang='lat' dir='ltr'><strong>uude</strong></span> <span class='ocrx_word' id='word_1_54' title='bbox 841 1319 942 1393; x_wconf 89' lang='lat' dir='ltr'><strong>dicit:</strong></span> <span class='ocrx_word' id='word_1_55' title='bbox 964 1321 1031 1390; x_wconf 80' lang='lat' dir='ltr'><strong>E&#39;l</strong></span> <span class='ocrx_word' id='word_1_56' title='bbox 1053 1322 1152 1390; x_wconf 82' lang='lat' dir='ltr'><strong>savio</strong></span> <span class='ocrx_word' id='word_1_57' title='bbox 1172 1321 1276 1409; x_wconf 85' lang='lat' dir='ltr'><strong>duco,</strong></span> <span class='ocrx_word' id='word_1_58' title='bbox 1294 1319 1442 1412; x_wconf 89' lang='lat' dir='ltr'><strong>scilicet,</strong></span> 
     </span>
     <span class='ocr_line' id='line_1_9' title="bbox 277 1437 1446 1538; baseline -0.005 -23"><span class='ocrx_word' id='word_1_59' title='bbox 277 1442 458 1538; x_wconf 85' lang='lat' dir='ltr'><strong>Virgilius,</strong></span> <span class='ocrx_word' id='word_1_60' title='bbox 485 1441 624 1534; x_wconf 89' lang='lat' dir='ltr'><strong>supple,</strong></span> <span class='ocrx_word' id='word_1_61' title='bbox 649 1439 737 1513; x_wconf 83' lang='lat' dir='ltr'><strong>dixit</strong></span> <span class='ocrx_word' id='word_1_62' title='bbox 763 1440 898 1513; x_wconf 87' lang='lat' dir='ltr'><strong>Statio:</strong></span> <span class='ocrx_word' id='word_1_63' title='bbox 932 1442 1027 1511; x_wconf 87' lang='lat' dir='ltr'><strong>omui</strong></span> <span class='ocrx_word' id='word_1_64' title='bbox 1056 1442 1177 1528; x_wconf 78' lang='lat' dir='ltr'><strong>vepqio</strong></span> <span class='ocrx_word' id='word_1_65' title='bbox 1204 1442 1240 1511; x_wconf 85' lang='lat' dir='ltr'><strong>lo</strong></span> <span class='ocrx_word' id='word_1_66' title='bbox 1264 1445 1349 1527; x_wconf 82' lang='lat' dir='ltr'><strong>rete,</strong></span> <span class='ocrx_word' id='word_1_67' title='bbox 1376 1437 1446 1511; x_wconf 91' lang='lat' dir='ltr'><strong>sci-</strong></span> 
     </span>
     <span class='ocr_line' id='line_1_10' title="bbox 276 1557 1445 1655; baseline -0.006 -18"><span class='ocrx_word' id='word_1_68' title='bbox 276 1561 370 1655; x_wconf 88' lang='lat' dir='ltr'><strong>licet,</strong></span> <span class='ocrx_word' id='word_1_69' title='bbox 396 1566 588 1655; x_wconf 87' lang='lat' dir='ltr'><strong>peccatum</strong></span> <span class='ocrx_word' id='word_1_70' title='bbox 622 1559 797 1653; x_wconf 84' lang='lat' dir='ltr'><strong>avaritiae,</strong></span> <span class='ocrx_word' id='word_1_71' title='bbox 823 1562 882 1632; x_wconf 78' lang='lat' dir='ltr'><strong>cite</strong></span> <span class='ocrx_word' id='word_1_72' title='bbox 913 1562 972 1650; x_wconf 82' lang='lat' dir='ltr'><strong>qui</strong></span> <span class='ocrx_word' id='word_1_73' title='bbox 1002 1562 1037 1630; x_wconf 82' lang='lat' dir='ltr'><strong>vi</strong></span> <span class='ocrx_word' id='word_1_74' title='bbox 1063 1560 1189 1650; x_wconf 72' lang='lat' dir='ltr'><strong>plotio,</strong></span> <span class='ocrx_word' id='word_1_75' title='bbox 1215 1557 1319 1648; x_wconf 89' lang='lat' dir='ltr'><strong>idest,</strong></span> <span class='ocrx_word' id='word_1_76' title='bbox 1345 1563 1445 1631; x_wconf 89' lang='lat' dir='ltr'><strong>tenet</strong></span> 
     </span>
     <span class='ocr_line' id='line_1_11' title="bbox 276 1677 1445 1774; baseline -0.004 -20"><span class='ocrx_word' id='word_1_77' title='bbox 276 1702 342 1754; x_wconf 86' lang='lat' dir='ltr'><strong>vos</strong></span> <span class='ocrx_word' id='word_1_78' title='bbox 367 1681 425 1754; x_wconf 92' lang='lat' dir='ltr'><strong>bic</strong></span> <span class='ocrx_word' id='word_1_79' title='bbox 450 1685 574 1774; x_wconf 89' lang='lat' dir='ltr'><strong>captos</strong></span> <span class='ocrx_word' id='word_1_80' title='bbox 605 1685 643 1753; x_wconf 91' lang='lat' dir='ltr'><strong>et</strong></span> <span class='ocrx_word' id='word_1_81' title='bbox 676 1679 816 1774; x_wconf 89' lang='lat' dir='ltr'><strong>ligatos,</strong></span> <span class='ocrx_word' id='word_1_82' title='bbox 842 1699 861 1749; x_wconf 87' lang='lat' dir='ltr'><strong>e</strong></span> <span class='ocrx_word' id='word_1_83' title='bbox 884 1698 981 1749; x_wconf 86' lang='lat' dir='ltr'><strong>come</strong></span> <span class='ocrx_word' id='word_1_84' title='bbox 1004 1680 1036 1749; x_wconf 85' lang='lat' dir='ltr'><strong>si</strong></span> <span class='ocrx_word' id='word_1_85' title='bbox 1058 1680 1254 1769; x_wconf 81' lang='lat' dir='ltr'><strong>scotoppiu,</strong></span> <span class='ocrx_word' id='word_1_86' title='bbox 1280 1677 1381 1768; x_wconf 89' lang='lat' dir='ltr'><strong>idest,</strong></span> <span class='ocrx_word' id='word_1_87' title='bbox 1407 1681 1445 1749; x_wconf 89' lang='lat' dir='ltr'><strong>et</strong></span> 
     </span>
     <span class='ocr_line' id='line_1_12' title="bbox 274 1795 1444 1894; baseline -0.006 -20"><span class='ocrx_word' id='word_1_88' title='bbox 274 1800 381 1874; x_wconf 83' lang='lat' dir='ltr'><strong>video</strong></span> <span class='ocrx_word' id='word_1_89' title='bbox 407 1800 592 1894; x_wconf 92' lang='lat' dir='ltr'><strong>quomodo</strong></span> <span class='ocrx_word' id='word_1_90' title='bbox 617 1799 781 1894; x_wconf 88' lang='lat' dir='ltr'><strong>aperitur</strong></span> <span class='ocrx_word' id='word_1_91' title='bbox 814 1796 901 1870; x_wconf 93' lang='lat' dir='ltr'><strong>illud</strong></span> <span class='ocrx_word' id='word_1_92' title='bbox 934 1803 1013 1870; x_wconf 87' lang='lat' dir='ltr'><strong>rete</strong></span> <span class='ocrx_word' id='word_1_93' title='bbox 1042 1796 1190 1889; x_wconf 86' lang='lat' dir='ltr'><strong>quando</strong></span> <span class='ocrx_word' id='word_1_94' title='bbox 1220 1795 1444 1889; x_wconf 83' lang='lat' dir='ltr'><strong>liberamini3</strong></span> 
     </span>
     <span class='ocr_line' id='line_1_13' title="bbox 276 1909 1446 2010; baseline -0.004 -17"><span class='ocrx_word' id='word_1_95' title='bbox 276 1925 313 1994; x_wconf 91' lang='lat' dir='ltr'><strong>et</strong></span> <span class='ocrx_word' id='word_1_96' title='bbox 338 1919 504 1991; x_wconf 89' lang='lat' dir='ltr'><strong>similiter</strong></span> <span class='ocrx_word' id='word_1_97' title='bbox 528 1917 646 2010; x_wconf 87' lang='lat' dir='ltr'><strong>video,</strong></span> <span class='ocrx_word' id='word_1_98' title='bbox 677 1909 805 2008; x_wconf 69' lang='lat' dir='ltr'><strong>percle*</strong></span> <span class='ocrx_word' id='word_1_99' title='bbox 827 1917 859 1987; x_wconf 81' lang='lat' dir='ltr'><strong>ci</strong></span> <span class='ocrx_word' id='word_1_100' title='bbox 882 1923 1008 2005; x_wconf 73' lang='lat' dir='ltr'><strong>bomo,</strong></span> <span class='ocrx_word' id='word_1_101' title='bbox 1035 1915 1136 2008; x_wconf 91' lang='lat' dir='ltr'><strong>idest,</strong></span> <span class='ocrx_word' id='word_1_102' title='bbox 1164 1934 1237 2008; x_wconf 96' lang='lat' dir='ltr'><strong>qua</strong></span> <span class='ocrx_word' id='word_1_103' title='bbox 1262 1914 1308 1988; x_wconf 92' lang='lat' dir='ltr'><strong>de</strong></span> <span class='ocrx_word' id='word_1_104' title='bbox 1332 1934 1446 1988; x_wconf 89' lang='lat' dir='ltr'><strong>causa</strong></span> 
     </span>
     <span class='ocr_line' id='line_1_14' title="bbox 276 2034 1445 2128; baseline -0.005 -17"><span class='ocrx_word' id='word_1_105' title='bbox 276 2036 316 2111; x_wconf 87' lang='lat' dir='ltr'><strong>iit</strong></span> <span class='ocrx_word' id='word_1_106' title='bbox 340 2037 398 2110; x_wconf 91' lang='lat' dir='ltr'><strong>bic</strong></span> <span class='ocrx_word' id='word_1_107' title='bbox 424 2042 668 2128; x_wconf 73' lang='lat' dir='ltr'><strong>terremotus,</strong></span> <span class='ocrx_word' id='word_1_108' title='bbox 694 2057 713 2107; x_wconf 87' lang='lat' dir='ltr'><strong>e</strong></span> <span class='ocrx_word' id='word_1_109' title='bbox 736 2038 774 2108; x_wconf 84' lang='lat' dir='ltr'><strong>di</strong></span> <span class='ocrx_word' id='word_1_110' title='bbox 798 2036 858 2107; x_wconf 79' lang='lat' dir='ltr'><strong>clte</strong></span> <span class='ocrx_word' id='word_1_111' title='bbox 881 2037 1106 2125; x_wconf 71' lang='lat' dir='ltr'><strong>congaudete,</strong></span> <span class='ocrx_word' id='word_1_112' title='bbox 1124 2034 1229 2126; x_wconf 92' lang='lat' dir='ltr'><strong>idest,</strong></span> <span class='ocrx_word' id='word_1_113' title='bbox 1245 2040 1445 2128; x_wconf 85' lang='lat' dir='ltr'><strong>congratu-</strong></span> 
     </span>
     <span class='ocr_line' id='line_1_15' title="bbox 277 2151 1445 2250; baseline -0.005 -21"><span class='ocrx_word' id='word_1_114' title='bbox 277 2156 400 2230; x_wconf 89' lang='lat' dir='ltr'><strong>lamini</strong></span> <span class='ocrx_word' id='word_1_115' title='bbox 427 2157 582 2230; x_wconf 92' lang='lat' dir='ltr'><strong>invicem</strong></span> <span class='ocrx_word' id='word_1_116' title='bbox 610 2154 849 2250; x_wconf 86' lang='lat' dir='ltr'><strong>regratiantes</strong></span> <span class='ocrx_word' id='word_1_117' title='bbox 883 2153 1037 2226; x_wconf 88' lang='lat' dir='ltr'><strong>Domino</strong></span> <span class='ocrx_word' id='word_1_118' title='bbox 1063 2153 1109 2226; x_wconf 91' lang='lat' dir='ltr'><strong>de</strong></span> <span class='ocrx_word' id='word_1_119' title='bbox 1135 2152 1347 2226; x_wconf 84' lang='lat' dir='ltr'><strong>liberatione</strong></span> <span class='ocrx_word' id='word_1_120' title='bbox 1377 2151 1445 2224; x_wconf 88' lang='lat' dir='ltr'><strong>ali-</strong></span> 
     </span>
     <span class='ocr_line' id='line_1_16' title="bbox 277 2273 1447 2370; baseline -0.005 -20"><span class='ocrx_word' id='word_1_121' title='bbox 277 2276 382 2350; x_wconf 93' lang='lat' dir='ltr'><strong>cuius</strong></span> <span class='ocrx_word' id='word_1_122' title='bbox 407 2276 550 2349; x_wconf 82' lang='lat' dir='ltr'><strong>animae.</strong></span> <span class='ocrx_word' id='word_1_123' title='bbox 576 2276 621 2348; x_wconf 82' lang='lat' dir='ltr'><strong>Et</strong></span> <span class='ocrx_word' id='word_1_124' title='bbox 651 2274 740 2370; x_wconf 91' lang='lat' dir='ltr'><strong>petit</strong></span> <span class='ocrx_word' id='word_1_125' title='bbox 769 2274 854 2366; x_wconf 93' lang='lat' dir='ltr'><strong>duo,</strong></span> <span class='ocrx_word' id='word_1_126' title='bbox 881 2273 1022 2346; x_wconf 91' lang='lat' dir='ltr'><strong>diceus:</strong></span> <span class='ocrx_word' id='word_1_127' title='bbox 1056 2293 1124 2343; x_wconf 80' lang='lat' dir='ltr'><strong>oro</strong></span> <span class='ocrx_word' id='word_1_128' title='bbox 1149 2275 1314 2363; x_wconf 84' lang='lat' dir='ltr'><strong>piaccioti</strong></span> <span class='ocrx_word' id='word_1_129' title='bbox 1346 2274 1447 2344; x_wconf 79' lang='lat' dir='ltr'><strong>clt&#39;t&#39;o</strong></span> 
     </span>
     <span class='ocr_line' id='line_1_17' title="bbox 277 2393 1445 2487; baseline -0.004 -19"><span class='ocrx_word' id='word_1_130' title='bbox 277 2399 403 2486; x_wconf 80' lang='lat' dir='ltr'><strong>suppio</strong></span> <span class='ocrx_word' id='word_1_131' title='bbox 427 2397 482 2466; x_wconf 82' lang='lat' dir='ltr'><strong>cti</strong></span> <span class='ocrx_word' id='word_1_132' title='bbox 501 2396 597 2487; x_wconf 80' lang='lat' dir='ltr'><strong>sostt,</strong></span> <span class='ocrx_word' id='word_1_133' title='bbox 627 2413 671 2466; x_wconf 88' lang='lat' dir='ltr'><strong>ea</strong></span> <span class='ocrx_word' id='word_1_134' title='bbox 696 2393 926 2486; x_wconf 89' lang='lat' dir='ltr'><strong>placibilitate</strong></span> <span class='ocrx_word' id='word_1_135' title='bbox 942 2413 1016 2484; x_wconf 89' lang='lat' dir='ltr'><strong>qua</strong></span> <span class='ocrx_word' id='word_1_136' title='bbox 1028 2393 1106 2486; x_wconf 87' lang='lat' dir='ltr'><strong>jam</strong></span> <span class='ocrx_word' id='word_1_137' title='bbox 1126 2413 1215 2464; x_wconf 91' lang='lat' dir='ltr'><strong>usus</strong></span> <span class='ocrx_word' id='word_1_138' title='bbox 1235 2410 1275 2464; x_wconf 89' lang='lat' dir='ltr'><strong>es</strong></span> <span class='ocrx_word' id='word_1_139' title='bbox 1298 2410 1445 2464; x_wconf 91' lang='lat' dir='ltr'><strong>mecum</strong></span> 
     </span>
     <span class='ocr_line' id='line_1_18' title="bbox 278 2506 1447 2608; baseline -0.005 -21"><span class='ocrx_word' id='word_1_140' title='bbox 278 2513 517 2608; x_wconf 87' lang='lat' dir='ltr'><strong>placidissime</strong></span> <span class='ocrx_word' id='word_1_141' title='bbox 543 2512 722 2603; x_wconf 90' lang='lat' dir='ltr'><strong>virorum,</strong></span> <span class='ocrx_word' id='word_1_142' title='bbox 748 2533 766 2583; x_wconf 88' lang='lat' dir='ltr'><strong>e</strong></span> <span class='ocrx_word' id='word_1_143' title='bbox 794 2506 922 2603; x_wconf 76' lang='lat' dir='ltr'><strong>percbd</strong></span> <span class='ocrx_word' id='word_1_144' title='bbox 943 2514 1165 2600; x_wconf 76' lang='lat' dir='ltr'><strong>st&#39;e&#39;ptociuto</strong></span> <span class='ocrx_word' id='word_1_145' title='bbox 1189 2512 1260 2601; x_wconf 83' lang='lat' dir='ltr'><strong>qui,</strong></span> <span class='ocrx_word' id='word_1_146' title='bbox 1286 2509 1379 2583; x_wconf 91' lang='lat' dir='ltr'><strong>sicut</strong></span> <span class='ocrx_word' id='word_1_147' title='bbox 1408 2514 1447 2582; x_wconf 90' lang='lat' dir='ltr'><strong>et</strong></span> 
     </span>
     <span class='ocr_line' id='line_1_19' title="bbox 276 2630 1446 2726; baseline -0.005 -19"><span class='ocrx_word' id='word_1_148' title='bbox 276 2634 336 2708; x_wconf 88' lang='lat' dir='ltr'><strong>alii</strong></span> <span class='ocrx_word' id='word_1_149' title='bbox 362 2632 476 2726; x_wconf 86' lang='lat' dir='ltr'><strong>avari,</strong></span> <span class='ocrx_word' id='word_1_150' title='bbox 499 2653 566 2724; x_wconf 86' lang='lat' dir='ltr'><strong>per</strong></span> <span class='ocrx_word' id='word_1_151' title='bbox 591 2634 678 2704; x_wconf 81' lang='lat' dir='ltr'><strong>tanti</strong></span> <span class='ocrx_word' id='word_1_152' title='bbox 701 2634 816 2720; x_wconf 81' lang='lat' dir='ltr'><strong>secoli,</strong></span> <span class='ocrx_word' id='word_1_153' title='bbox 842 2631 945 2723; x_wconf 91' lang='lat' dir='ltr'><strong>idest,</strong></span> <span class='ocrx_word' id='word_1_154' title='bbox 973 2651 1039 2724; x_wconf 93' lang='lat' dir='ltr'><strong>per</strong></span> <span class='ocrx_word' id='word_1_155' title='bbox 1065 2637 1118 2703; x_wconf 92' lang='lat' dir='ltr'><strong>tot</strong></span> <span class='ocrx_word' id='word_1_156' title='bbox 1143 2630 1352 2703; x_wconf 89' lang='lat' dir='ltr'><strong>centenaria</strong></span> <span class='ocrx_word' id='word_1_157' title='bbox 1378 2650 1446 2701; x_wconf 91' lang='lat' dir='ltr'><strong>an-</strong></span> 
     </span>
     <span class='ocr_line' id='line_1_20' title="bbox 277 2749 1447 2846; baseline -0.007 -18"><span class='ocrx_word' id='word_1_158' title='bbox 277 2775 424 2846; x_wconf 92' lang='lat' dir='ltr'><strong>norum,</strong></span> <span class='ocrx_word' id='word_1_159' title='bbox 449 2753 596 2844; x_wconf 90' lang='lat' dir='ltr'><strong>scilicet,</strong></span> <span class='ocrx_word' id='word_1_160' title='bbox 621 2752 805 2845; x_wconf 83' lang='lat' dir='ltr'><strong>quinque3</strong></span> <span class='ocrx_word' id='word_1_161' title='bbox 832 2749 934 2843; x_wconf 90' lang='lat' dir='ltr'><strong>quasi</strong></span> <span class='ocrx_word' id='word_1_162' title='bbox 960 2749 1074 2823; x_wconf 88' lang='lat' dir='ltr'><strong>dicat:</strong></span> <span class='ocrx_word' id='word_1_163' title='bbox 1101 2749 1195 2822; x_wconf 92' lang='lat' dir='ltr'><strong>bene</strong></span> <span class='ocrx_word' id='word_1_164' title='bbox 1222 2754 1447 2842; x_wconf 79' lang='lat' dir='ltr'><strong>potestesse</strong></span> 
     </span>
     <span class='ocr_line' id='line_1_21' title="bbox 275 2868 1443 2969; baseline -0.005 -23"><span class='ocrx_word' id='word_1_165' title='bbox 275 2880 432 2969; x_wconf 88' lang='lat' dir='ltr'><strong>purgata</strong></span> <span class='ocrx_word' id='word_1_166' title='bbox 449 2873 601 2946; x_wconf 87' lang='lat' dir='ltr'><strong>avaritia</strong></span> <span class='ocrx_word' id='word_1_167' title='bbox 626 2873 663 2945; x_wconf 92' lang='lat' dir='ltr'><strong>in</strong></span> <span class='ocrx_word' id='word_1_168' title='bbox 690 2879 738 2963; x_wconf 90' lang='lat' dir='ltr'><strong>te,</strong></span> <span class='ocrx_word' id='word_1_169' title='bbox 756 2870 784 2943; x_wconf 95' lang='lat' dir='ltr'><strong>si</strong></span> <span class='ocrx_word' id='word_1_170' title='bbox 803 2870 928 2943; x_wconf 81' lang='lat' dir='ltr'><strong>luisset</strong></span> <span class='ocrx_word' id='word_1_171' title='bbox 944 2869 1096 2942; x_wconf 88' lang='lat' dir='ltr'><strong>avaritia</strong></span> <span class='ocrx_word' id='word_1_172' title='bbox 1118 2868 1220 2941; x_wconf 84' lang='lat' dir='ltr'><strong>Midae</strong></span> <span class='ocrx_word' id='word_1_173' title='bbox 1239 2868 1295 2942; x_wconf 88' lang='lat' dir='ltr'><strong>vel</strong></span> <span class='ocrx_word' id='word_1_174' title='bbox 1313 2868 1443 2942; x_wconf 88' lang='lat' dir='ltr'><strong>Crassi.</strong></span> 
     </span>
     <span class='ocr_line' id='line_1_22' title="bbox 274 2987 1447 3082; baseline -0.003 -19"><span class='ocrx_word' id='word_1_175' title='bbox 274 2991 319 3063; x_wconf 85' lang='lat' dir='ltr'><strong>Et</strong></span> <span class='ocrx_word' id='word_1_176' title='bbox 347 2991 451 3063; x_wconf 90' lang='lat' dir='ltr'><strong>dicit:</strong></span> <span class='ocrx_word' id='word_1_177' title='bbox 484 2993 571 3063; x_wconf 84' lang='lat' dir='ltr'><strong>nelle</strong></span> <span class='ocrx_word' id='word_1_178' title='bbox 596 2993 723 3082; x_wconf 87' lang='lat' dir='ltr'><strong>porole</strong></span> <span class='ocrx_word' id='word_1_179' title='bbox 753 2997 807 3061; x_wconf 83' lang='lat' dir='ltr'><strong>tue</strong></span> <span class='ocrx_word' id='word_1_180' title='bbox 838 2993 887 3061; x_wconf 82' lang='lat' dir='ltr'><strong>mi</strong></span> <span class='ocrx_word' id='word_1_181' title='bbox 919 2993 1058 3080; x_wconf 82' lang='lat' dir='ltr'><strong>cuppio,</strong></span> <span class='ocrx_word' id='word_1_182' title='bbox 1095 2987 1189 3061; x_wconf 91' lang='lat' dir='ltr'><strong>sicut</strong></span> <span class='ocrx_word' id='word_1_183' title='bbox 1227 2988 1329 3061; x_wconf 86' lang='lat' dir='ltr'><strong>avari</strong></span> <span class='ocrx_word' id='word_1_184' title='bbox 1362 2994 1447 3061; x_wconf 94' lang='lat' dir='ltr'><strong>sunt</strong></span> 
     </span>
     <span class='ocr_line' id='line_1_23' title="bbox 275 3107 1446 3204; baseline -0.001 -21"><span class='ocrx_word' id='word_1_185' title='bbox 275 3111 368 3204; x_wconf 92' lang='lat' dir='ltr'><strong>capti</strong></span> <span class='ocrx_word' id='word_1_186' title='bbox 394 3110 464 3202; x_wconf 93' lang='lat' dir='ltr'><strong>bic,</strong></span> <span class='ocrx_word' id='word_1_187' title='bbox 497 3115 534 3183; x_wconf 90' lang='lat' dir='ltr'><strong>et</strong></span> <span class='ocrx_word' id='word_1_188' title='bbox 558 3110 648 3183; x_wconf 90' lang='lat' dir='ltr'><strong>alios</strong></span> <span class='ocrx_word' id='word_1_189' title='bbox 672 3108 820 3203; x_wconf 90' lang='lat' dir='ltr'><strong>capiunt</strong></span> <span class='ocrx_word' id='word_1_190' title='bbox 846 3109 882 3180; x_wconf 92' lang='lat' dir='ltr'><strong>in</strong></span> <span class='ocrx_word' id='word_1_191' title='bbox 910 3108 998 3199; x_wconf 82' lang='lat' dir='ltr'><strong>vita3</strong></span> <span class='ocrx_word' id='word_1_192' title='bbox 1025 3107 1127 3202; x_wconf 86' lang='lat' dir='ltr'><strong>quasi</strong></span> <span class='ocrx_word' id='word_1_193' title='bbox 1154 3108 1268 3182; x_wconf 88' lang='lat' dir='ltr'><strong>dicat:</strong></span> <span class='ocrx_word' id='word_1_194' title='bbox 1292 3109 1446 3202; x_wconf 89' lang='lat' dir='ltr'><strong>loquere</strong></span> 
     </span>
     <span class='ocr_line' id='line_1_24' title="bbox 276 3227 1450 3323; baseline 0 -23"><span class='ocrx_word' id='word_1_195' title='bbox 276 3228 363 3301; x_wconf 89' lang='lat' dir='ltr'><strong>mibi</strong></span> <span class='ocrx_word' id='word_1_196' title='bbox 389 3228 500 3321; x_wconf 88' lang='lat' dir='ltr'><strong>clare,</strong></span> <span class='ocrx_word' id='word_1_197' title='bbox 528 3248 618 3323; x_wconf 88' lang='lat' dir='ltr'><strong>rogo</strong></span> <span class='ocrx_word' id='word_1_198' title='bbox 650 3235 697 3321; x_wconf 88' lang='lat' dir='ltr'><strong>te,</strong></span> <span class='ocrx_word' id='word_1_199' title='bbox 724 3227 818 3300; x_wconf 92' lang='lat' dir='ltr'><strong>sicut</strong></span> <span class='ocrx_word' id='word_1_200' title='bbox 851 3246 920 3320; x_wconf 85' lang='lat' dir='ltr'><strong>ego</strong></span> <span class='ocrx_word' id='word_1_201' title='bbox 947 3227 1091 3299; x_wconf 88' lang='lat' dir='ltr'><strong>locutus</strong></span> <span class='ocrx_word' id='word_1_202' title='bbox 1117 3248 1199 3300; x_wconf 91' lang='lat' dir='ltr'><strong>sum</strong></span> <span class='ocrx_word' id='word_1_203' title='bbox 1233 3228 1450 3300; x_wconf 78' lang='lat' dir='ltr'><strong>tibi-Nol</strong></span> 
     </span>
     <span class='ocr_line' id='line_1_25' title="bbox 275 3346 1442 3442; baseline 0 -22"><span class='ocrx_word' id='word_1_204' title='bbox 275 3353 397 3438; x_wconf 81' lang='lat' dir='ltr'><strong>tempo.</strong></span> <span class='ocrx_word' id='word_1_205' title='bbox 424 3347 490 3420; x_wconf 89' lang='lat' dir='ltr'><strong>llic</strong></span> <span class='ocrx_word' id='word_1_206' title='bbox 514 3354 622 3441; x_wconf 90' lang='lat' dir='ltr'><strong>poeta</strong></span> <span class='ocrx_word' id='word_1_207' title='bbox 647 3347 747 3440; x_wconf 92' lang='lat' dir='ltr'><strong>pouit</strong></span> <span class='ocrx_word' id='word_1_208' title='bbox 778 3346 1051 3440; x_wconf 85' lang='lat' dir='ltr'><strong>responsionem</strong></span> <span class='ocrx_word' id='word_1_209' title='bbox 1074 3349 1176 3422; x_wconf 90' lang='lat' dir='ltr'><strong>Statii</strong></span> <span class='ocrx_word' id='word_1_210' title='bbox 1202 3349 1248 3422; x_wconf 89' lang='lat' dir='ltr'><strong>ad</strong></span> <span class='ocrx_word' id='word_1_211' title='bbox 1286 3348 1442 3442; x_wconf 87' lang='lat' dir='ltr'><strong>primam</strong></span> 
     </span>
     <span class='ocr_line' id='line_1_26' title="bbox 275 3465 1447 3562; baseline 0.003 -23"><span class='ocrx_word' id='word_1_212' title='bbox 275 3465 486 3560; x_wconf 88' lang='lat' dir='ltr'><strong>petitionem</strong></span> <span class='ocrx_word' id='word_1_213' title='bbox 518 3465 666 3561; x_wconf 86' lang='lat' dir='ltr'><strong>Virgilii,</strong></span> <span class='ocrx_word' id='word_1_214' title='bbox 698 3466 762 3558; x_wconf 89' lang='lat' dir='ltr'><strong>qui</strong></span> <span class='ocrx_word' id='word_1_215' title='bbox 791 3466 910 3560; x_wconf 90' lang='lat' dir='ltr'><strong>primo</strong></span> <span class='ocrx_word' id='word_1_216' title='bbox 947 3466 1117 3540; x_wconf 89' lang='lat' dir='ltr'><strong>describit</strong></span> <span class='ocrx_word' id='word_1_217' title='bbox 1150 3487 1190 3542; x_wconf 91' lang='lat' dir='ltr'><strong>se</strong></span> <span class='ocrx_word' id='word_1_218' title='bbox 1226 3467 1274 3541; x_wconf 93' lang='lat' dir='ltr'><strong>ab</strong></span> <span class='ocrx_word' id='word_1_219' title='bbox 1308 3468 1447 3562; x_wconf 91' lang='lat' dir='ltr'><strong>optimo</strong></span> 
     </span>
     <span class='ocr_line' id='line_1_27' title="bbox 275 3584 1447 3683; baseline 0.003 -26"><span class='ocrx_word' id='word_1_220' title='bbox 275 3584 437 3679; x_wconf 91' lang='lat' dir='ltr'><strong>principe</strong></span> <span class='ocrx_word' id='word_1_221' title='bbox 463 3584 532 3657; x_wconf 92' lang='lat' dir='ltr'><strong>sub</strong></span> <span class='ocrx_word' id='word_1_222' title='bbox 557 3605 631 3678; x_wconf 93' lang='lat' dir='ltr'><strong>quo</strong></span> <span class='ocrx_word' id='word_1_223' title='bbox 658 3585 799 3658; x_wconf 88' lang='lat' dir='ltr'><strong>claruit.</strong></span> <span class='ocrx_word' id='word_1_224' title='bbox 818 3586 862 3658; x_wconf 85' lang='lat' dir='ltr'><strong>Et</strong></span> <span class='ocrx_word' id='word_1_225' title='bbox 878 3585 924 3659; x_wconf 95' lang='lat' dir='ltr'><strong>ad</strong></span> <span class='ocrx_word' id='word_1_226' title='bbox 943 3586 1211 3683; x_wconf 88' lang='lat' dir='ltr'><strong>intelligendam</strong></span> <span class='ocrx_word' id='word_1_227' title='bbox 1238 3587 1343 3661; x_wconf 87' lang='lat' dir='ltr'><strong>istam</strong></span> <span class='ocrx_word' id='word_1_228' title='bbox 1366 3587 1447 3661; x_wconf 91' lang='lat' dir='ltr'><strong>lite-</strong></span> 
     </span>
     <span class='ocr_line' id='line_1_28' title="bbox 276 3703 1447 3800; baseline 0.003 -24"><span class='ocrx_word' id='word_1_229' title='bbox 276 3723 357 3777; x_wconf 90' lang='lat' dir='ltr'><strong>ram</strong></span> <span class='ocrx_word' id='word_1_230' title='bbox 383 3723 481 3796; x_wconf 84' lang='lat' dir='ltr'><strong>sane,</strong></span> <span class='ocrx_word' id='word_1_231' title='bbox 500 3723 613 3797; x_wconf 89' lang='lat' dir='ltr'><strong>quam</strong></span> <span class='ocrx_word' id='word_1_232' title='bbox 635 3704 740 3777; x_wconf 92' lang='lat' dir='ltr'><strong>multi</strong></span> <span class='ocrx_word' id='word_1_233' title='bbox 757 3703 970 3799; x_wconf 87' lang='lat' dir='ltr'><strong>ignoranter</strong></span> <span class='ocrx_word' id='word_1_234' title='bbox 990 3712 1218 3800; x_wconf 88' lang='lat' dir='ltr'><strong>pervertunt,</strong></span> <span class='ocrx_word' id='word_1_235' title='bbox 1236 3714 1291 3780; x_wconf 89' lang='lat' dir='ltr'><strong>est</strong></span> <span class='ocrx_word' id='word_1_236' title='bbox 1307 3711 1447 3780; x_wconf 87' lang='lat' dir='ltr'><strong>attente</strong></span> 
     </span>
     <span class='ocr_line' id='line_1_29' title="bbox 275 3822 1447 3919; baseline 0.002 -24"><span class='ocrx_word' id='word_1_237' title='bbox 275 3822 477 3917; x_wconf 92' lang='lat' dir='ltr'><strong>sciendum,</strong></span> <span class='ocrx_word' id='word_1_238' title='bbox 498 3823 596 3916; x_wconf 92' lang='lat' dir='ltr'><strong>quod</strong></span> <span class='ocrx_word' id='word_1_239' title='bbox 621 3822 714 3897; x_wconf 91' lang='lat' dir='ltr'><strong>sicut</strong></span> <span class='ocrx_word' id='word_1_240' title='bbox 738 3830 856 3917; x_wconf 88' lang='lat' dir='ltr'><strong>potest</strong></span> <span class='ocrx_word' id='word_1_241' title='bbox 876 3824 995 3919; x_wconf 90' lang='lat' dir='ltr'><strong>colligi</strong></span> <span class='ocrx_word' id='word_1_242' title='bbox 1022 3845 1067 3898; x_wconf 79' lang='lat' dir='ltr'><strong>ex</strong></span> <span class='ocrx_word' id='word_1_243' title='bbox 1096 3825 1219 3898; x_wconf 92' lang='lat' dir='ltr'><strong>multis</strong></span> <span class='ocrx_word' id='word_1_244' title='bbox 1243 3825 1447 3917; x_wconf 88' lang='lat' dir='ltr'><strong>autoribus,</strong></span> 
     </span>
     <span class='ocr_line' id='line_1_30' title="bbox 275 3942 1447 4038; baseline 0.002 -24"><span class='ocrx_word' id='word_1_245' title='bbox 275 3943 371 4015; x_wconf 89' lang='lat' dir='ltr'><strong>Nero</strong></span> <span class='ocrx_word' id='word_1_246' title='bbox 390 3942 590 4036; x_wconf 85' lang='lat' dir='ltr'><strong>imperator</strong></span> <span class='ocrx_word' id='word_1_247' title='bbox 604 3942 651 4016; x_wconf 89' lang='lat' dir='ltr'><strong>ad</strong></span> <span class='ocrx_word' id='word_1_248' title='bbox 665 3943 935 4017; x_wconf 74' lang='lat' dir='ltr'><strong>refraenandum</strong></span> <span class='ocrx_word' id='word_1_249' title='bbox 955 3943 1100 4018; x_wconf 81' lang='lat' dir='ltr'><strong>furores</strong></span> <span class='ocrx_word' id='word_1_250' title='bbox 1121 3945 1369 4038; x_wconf 87' lang='lat' dir='ltr'><strong>bebraeornm,</strong></span> <span class='ocrx_word' id='word_1_251' title='bbox 1383 3944 1447 4038; x_wconf 92' lang='lat' dir='ltr'><strong>qni</strong></span> 
     </span>
     <span class='ocr_line' id='line_1_31' title="bbox 274 4059 1446 4158; baseline 0.003 -27"><span class='ocrx_word' id='word_1_252' title='bbox 274 4059 358 4134; x_wconf 83' lang='lat' dir='ltr'><strong>lacti</strong></span> <span class='ocrx_word' id='word_1_253' title='bbox 384 4067 489 4133; x_wconf 87' lang='lat' dir='ltr'><strong>erant</strong></span> <span class='ocrx_word' id='word_1_254' title='bbox 514 4062 669 4137; x_wconf 88' lang='lat' dir='ltr'><strong>rebelles</strong></span> <span class='ocrx_word' id='word_1_255' title='bbox 695 4081 850 4136; x_wconf 89' lang='lat' dir='ltr'><strong>romano</strong></span> <span class='ocrx_word' id='word_1_256' title='bbox 875 4062 1041 4157; x_wconf 91' lang='lat' dir='ltr'><strong>imperio,</strong></span> <span class='ocrx_word' id='word_1_257' title='bbox 1061 4063 1158 4136; x_wconf 90' lang='lat' dir='ltr'><strong>misit</strong></span> <span class='ocrx_word' id='word_1_258' title='bbox 1183 4063 1446 4158; x_wconf 90' lang='lat' dir='ltr'><strong>Vespasianum</strong></span> 
     </span>
     <span class='ocr_line' id='line_1_32' title="bbox 275 4177 1448 4276; baseline 0.003 -25"><span class='ocrx_word' id='word_1_259' title='bbox 275 4177 397 4251; x_wconf 83' lang='lat' dir='ltr'><strong>virum</strong></span> <span class='ocrx_word' id='word_1_260' title='bbox 423 4178 729 4272; x_wconf 85' lang='lat' dir='ltr'><strong>sapientissimum</strong></span> <span class='ocrx_word' id='word_1_261' title='bbox 755 4188 793 4255; x_wconf 92' lang='lat' dir='ltr'><strong>et</strong></span> <span class='ocrx_word' id='word_1_262' title='bbox 822 4181 1116 4256; x_wconf 87' lang='lat' dir='ltr'><strong>strenuissimum</strong></span> <span class='ocrx_word' id='word_1_263' title='bbox 1148 4202 1354 4273; x_wconf 90' lang='lat' dir='ltr'><strong>armorum,</strong></span> <span class='ocrx_word' id='word_1_264' title='bbox 1384 4181 1448 4276; x_wconf 94' lang='lat' dir='ltr'><strong>qui</strong></span> 
     </span>
     <span class='ocr_line' id='line_1_33' title="bbox 275 4295 1447 4395; baseline 0.005 -27"><span class='ocrx_word' id='word_1_265' title='bbox 275 4295 373 4370; x_wconf 83' lang='lat' dir='ltr'><strong>terro</strong></span> <span class='ocrx_word' id='word_1_266' title='bbox 399 4304 436 4370; x_wconf 89' lang='lat' dir='ltr'><strong>et</strong></span> <span class='ocrx_word' id='word_1_267' title='bbox 461 4296 546 4392; x_wconf 86' lang='lat' dir='ltr'><strong>igne</strong></span> <span class='ocrx_word' id='word_1_268' title='bbox 571 4299 691 4394; x_wconf 93' lang='lat' dir='ltr'><strong>primo</strong></span> <span class='ocrx_word' id='word_1_269' title='bbox 723 4299 878 4373; x_wconf 87' lang='lat' dir='ltr'><strong>vastavit</strong></span> <span class='ocrx_word' id='word_1_270' title='bbox 903 4298 1102 4394; x_wconf 85' lang='lat' dir='ltr'><strong>Galilaeam,</strong></span> <span class='ocrx_word' id='word_1_271' title='bbox 1128 4300 1258 4374; x_wconf 91' lang='lat' dir='ltr'><strong>deinde</strong></span> <span class='ocrx_word' id='word_1_272' title='bbox 1284 4301 1447 4395; x_wconf 90' lang='lat' dir='ltr'><strong>reliquas</strong></span> 
     </span>
    </p>
   </div>
   <div class='ocr_carea' id='block_1_3' title="bbox 338 4546 1276 4616">
    <p class='ocr_par' dir='ltr' id='par_1_4' title="bbox 338 4546 1276 4616">
     <span class='ocr_line' id='line_1_34' title="bbox 338 4546 1276 4616; baseline 0.003 -17"><span class='ocrx_word' id='word_1_273' title='bbox 338 4546 367 4611; x_wconf 62' lang='grc' dir='ltr'><strong>(Ἴ</strong></span> <span class='ocrx_word' id='word_1_274' title='bbox 384 4552 438 4610; x_wconf 83' lang='grc'><strong>117,</strong></span> <span class='ocrx_word' id='word_1_275' title='bbox 454 4549 580 4602; x_wconf 80' lang='lat' dir='ltr'><strong>maiorem</strong></span> <span class='ocrx_word' id='word_1_276' title='bbox 596 4553 674 4603; x_wconf 82' lang='lat' dir='ltr'><strong>sitim.</strong></span> <span class='ocrx_word' id='word_1_277' title='bbox 852 4550 882 4614; x_wconf 79' lang='lat'><strong>(¹)</strong></span> <span class='ocrx_word' id='word_1_278' title='bbox 898 4552 928 4601; x_wconf 85' lang='lat' dir='ltr'><strong>E.</strong></span> <span class='ocrx_word' id='word_1_279' title='bbox 945 4553 970 4601; x_wconf 90' lang='lat' dir='ltr'><strong>in</strong></span> <span class='ocrx_word' id='word_1_280' title='bbox 987 4565 1037 4616; x_wconf 76' lang='lat' dir='ltr'><strong>qun</strong></span> <span class='ocrx_word' id='word_1_281' title='bbox 1054 4558 1128 4616; x_wconf 83' lang='lat' dir='ltr'><strong>poeta</strong></span> <span class='ocrx_word' id='word_1_282' title='bbox 1144 4553 1276 4616; x_wconf 77' lang='lat' dir='ltr'><strong>Virgilius.</strong></span> 
     </span>
    </p>
   </div>
   <div class='ocr_carea' id='block_1_4' title="bbox 0 0 1734 5602">
    <p class='ocr_par' dir='ltr' id='par_1_5' title="bbox 0 0 1734 5602">
     <span class='ocr_line' id='line_1_35' title="bbox 0 0 1734 5602; baseline 0 0"><span class='ocrx_word' id='word_1_283' title='bbox 0 0 1734 5602; x_wconf 95' lang='lat' dir='ltr'><strong> </strong></span> 
     </span>
    </p>
   </div>
  </div>
 </body>
</html>
