3458 5602
279 448 325 512 to
638 454 841 509 couuururu
865 452 1084 508 runcaronu

275 607 354 693 reti,
380 601 466 695 quia
495 601 574 695 jam
601 599 845 672 transiverant
869 619 935 693 per
962 604 1076 671 totam
1102 597 1239 670 scalam
1272 595 1450 669 contabu-

275 722 394 816 lando,
413 740 497 815 quae
521 727 577 794 est
602 725 778 793 excavata
804 719 839 791 in
868 725 1003 811 monte,
1030 718 1078 791 ita
1104 716 1204 811 quod
1227 715 1340 791 babet
1366 715 1449 790 binc

275 842 359 915 inde
384 841 488 936 quasi
508 840 675 934 parietes,
694 847 731 913 et
747 846 992 934 pervenerant
1009 838 1046 911 in
1065 839 1161 911 viam
1181 838 1340 932 planam,
1357 837 1450 911 idest

275 961 312 1034 iu
338 961 533 1035 cornicem.
562 960 604 1031 Et
629 959 809 1053 descripto
835 960 915 1032 loco
940 958 1111 1033 describit
1135 965 1292 1052 tempus,
1310 956 1445 1049 dicens,

276 1081 372 1175 quod
394 1080 472 1175 jam
500 1086 580 1152 erat
612 1079 739 1173 quinta
770 1081 860 1151 bora
892 1079 987 1172 diei;
1016 1078 1113 1151 unde
1144 1077 1247 1151 dicit:
1280 1102 1298 1149 e
1327 1067 1389 1167 pid
1418 1079 1450 1149 le

276 1207 414 1293 puuttro
440 1201 563 1272 ancille
587 1200 644 1271 del
667 1201 809 1288 plana
836 1198 937 1291 idest,
959 1207 1120 1291 quatuor
1144 1200 1246 1272 horae
1272 1217 1356 1291 quae
1381 1217 1449 1269 an·

276 1322 444 1396 cillantur
473 1318 621 1393 servitio
647 1317 729 1411 diei,
755 1339 844 1390 aon
872 1321 1003 1392 rimosa
1032 1321 1204 1408 oddlelro,
1237 1317 1339 1409 idest,
1368 1317 1446 1411 jam

277 1440 540 1536 praeterierant,
561 1462 580 1512 e
605 1442 641 1510 lo
666 1441 786 1529 quinto
810 1460 875 1511 ero
895 1441 933 1510 ul
949 1447 1049 1531 emo,
1071 1439 1174 1532 idest,
1194 1438 1448 1534 gubernaculo

276 1562 372 1655 solis,
399 1561 500 1653 idest,
518 1560 718 1655 parabatur
743 1558 789 1633 ad
815 1557 1005 1633 servitium
1023 1558 1093 1633 diei
1113 1559 1220 1652 tertii,
1245 1562 1447 1633 drizzaado

273 1703 344 1774 pur
368 1685 406 1754 ln
429 1703 470 1753 su
496 1683 517 1752 l
531 1682 674 1752 ardente
699 1700 821 1769 corno,
848 1679 953 1772 quasi
982 1679 1101 1752 dicat:
1134 1678 1327 1773 incipiebat
1361 1686 1447 1753 tuuc

275 1801 473 1877 ascendere
498 1801 574 1873 soie
600 1799 668 1872 sub
693 1799 846 1891 ardenti,
867 1819 952 1872 cum
975 1798 1071 1872 enim
1092 1807 1186 1873 esset
1213 1807 1300 1874 tunc
1329 1799 1445 1893 aequi-

276 1921 439 1996 noctium
458 1925 538 1994 erat
554 1938 668 2012 prope
683 1917 882 1992 meridiem.
892 1959 942 1971 -
953 1922 1111 2006 Quaado.
1126 1919 1191 1993 Hic
1204 1928 1310 2014 poeta
1325 1926 1448 1994 osteu-

277 2042 329 2113 dit
354 2039 539 2133 quomodo
572 2039 618 2112 de
648 2037 796 2111 consilio
821 2038 957 2133 Virgilii
988 2045 1023 2111 et
1053 2059 1233 2112 consensu
1260 2039 1361 2111 Statii
1392 2038 1448 2110 in-

279 2166 470 2235 traverunt
495 2159 677 2232 cornicem
704 2157 796 2231 sexti
822 2158 960 2250 circuli,
982 2157 1128 2232 dicens:
1160 2161 1307 2246 Quando
1328 2161 1354 2231 'l
1377 2161 1446 2230 mio

277 2283 381 2370 duco,
407 2278 551 2372 scilicet,
580 2278 750 2373 Virgilius
778 2278 889 2351 dixit:
919 2282 954 2350 io
983 2282 1089 2351 credo
1123 2281 1173 2350 olr'
1194 2301 1218 2350 u
1243 2282 1277 2352 lo
1302 2287 1445 2369 stremo,

278 2401 381 2494 idest,
399 2399 621 2474 extremitati
648 2399 748 2492 ripae,
766 2402 797 2470 α’
813 2419 993 2489 concrepitu
1010 2403 1130 2489 voluer
1147 2402 1178 2472 le
1195 2403 1308 2473 desere
1325 2401 1448 2490 spallo,

278 2520 364 2613 quia
389 2519 435 2592 ad
461 2519 652 2592 dexteram
670 2538 815 2611 semper
833 2517 906 2591 itur
924 2539 989 2612 per
1007 2521 1275 2614 purgatorium,
1293 2521 1448 2609 pirundo

277 2643 440 2713 timorate
465 2661 559 2711 come
583 2628 645 2729 pid
667 2638 926 2731 solemo;quia
952 2659 1017 2733 per
1043 2640 1178 2711 scalam
1201 2658 1348 2732 semper
1374 2637 1448 2711 itur

278 2765 389 2851 recte,
407 2758 470 2832 sed
488 2779 554 2852 per
580 2758 760 2832 circulum
778 2756 1015 2831 circulariter.
1036 2759 1079 2829 Et
1096 2757 1197 2830 dicit:
1217 2750 1286 2830 cosi
1309 2761 1331 2829 l'
1341 2779 1449 2831 usua-

276 2900 345 2971 za;
370 2878 488 2972 *quia
516 2879 634 2952 taliter
658 2879 845 2952 iveramus
866 2897 930 2971 per
951 2898 1080 2951 omnes
1100 2877 1255 2952 circulos
1281 2879 1449 2972 superio-

277 3019 347 3090 res,
362 2998 409 3070 ita
428 2997 653 3071 debebamus
665 2997 828 3071 didicisse
842 2997 938 3071 viam
948 3022 958 3091 3
968 3001 1009 3091 su
1027 2991 1050 3070 tl
1066 3006 1191 3072 nostro
1206 2990 1447 3093 lmepaa*(⁴);

276 3117 357 3191 licet
383 3136 456 3189 nou
481 3123 677 3210 appareret
693 3116 740 3188 ibi
759 3116 857 3189 aliud
879 3117 1036 3212 siguum.
1055 3117 1098 3190 Et
1121 3119 1234 3213 tangit
1254 3118 1363 3191 aliam
1386 3139 1448 3192 ra-

278 3236 425 3328 tionem,
441 3256 558 3328 quare
574 3256 705 3310 secure
725 3235 837 3327 ibant,
855 3236 1033 3311 dicentes:
1054 3260 1073 3309 e
1088 3242 1318 3329 prendemmo
1336 3244 1373 3312 la
1390 3243 1449 3313 ola

276 3377 342 3430 eon
367 3378 445 3429 mea
469 3363 629 3449 cospetto,
656 3356 729 3430 imo
754 3376 841 3430 curu
867 3376 1000 3452 magna
1027 3357 1255 3451 confidentia,
1274 3382 1341 3450 per
1358 3363 1449 3433 l’us-

275 3479 383 3549 sentlr
412 3479 450 3548 di
480 3480 579 3567 puell
592 3479 712 3548 aalma
743 3478 872 3566 dopna
907 3476 1052 3569 scilieet,
1091 3477 1204 3571 Statii,
1244 3499 1328 3571 quae
1367 3487 1449 3554 erat

275 3595 384 3691 digua
410 3595 623 3669 ascensione
648 3615 734 3668 cum
756 3596 833 3690 jam
861 3603 957 3670 esset
988 3603 1143 3692 purgata
1177 3604 1214 3671 et
1243 3597 1395 3672 liberata
1425 3620 1447 3674 a

276 3715 392 3809 poeuis
418 3714 637 3809 purgatorii3
665 3714 746 3788 ideo
772 3715 968 3789 verisimile
986 3722 1065 3788 erat
1083 3716 1181 3809 quod
1207 3724 1308 3792 recte
1333 3718 1447 3794 duce-

277 3843 380 3910 retur
406 3856 471 3929 per
499 3835 596 3908 viam
624 3835 740 3908 istam.
767 3836 812 3908 Et
836 3836 957 3909 subdit
984 3837 1133 3910 modum
1162 3838 1284 3932 eundi,
1307 3838 1447 3912 diceus:

274 3958 343 4046 elli,
368 3956 442 4029 duo
467 3963 585 4049 poelae
610 3955 762 4049 antiqui,
785 3959 893 4046 moun
918 3959 1078 4047 dinume,
1099 3957 1161 4051 qui
1185 3965 1447 4053 praecesseraul

275 4095 361 4147 eum
383 4074 460 4168 jam
488 4096 553 4169 per
585 4076 684 4150 mille
715 4098 841 4170 annos,
868 4085 901 4150 et
927 4081 962 4149 lo
993 4080 1113 4149 saletto
1147 4080 1294 4169 diretro,
1319 4078 1448 4173 supple

274 4195 384 4286 ibam,
409 4201 442 4266 et
466 4198 644 4267 ascoltuou
679 4198 735 4267 lor
766 4199 931 4286 sermoni,
959 4196 1184 4291 scientificus,
1211 4198 1299 4269 ei'u
1319 4203 1448 4289 poetar

274 4316 323 4385 mi
345 4315 488 4385 decano
512 4316 684 4404 intelletto‚
710 4321 747 4388 et
773 4315 860 4387 uuili
887 4315 1053 4408 dubium,
1083 4315 1170 4409 quia
1195 4316 1330 4390 Dantes
1346 4308 1383 4408 (²l
1409 4317 1448 4391 iu

337 4498 364 4558 (¹)
379 4497 416 4547 Le
432 4498 521 4560 parole
537 4500 577 4550 tra
593 4501 601 4550 i
618 4501 668 4550 dua
685 4501 817 4551 ueteriscbi
833 4516 897 4551 sono
913 4503 954 4552 dei
970 4501 1057 4554 Codici
1073 4503 1224 4554 Strozziano
1241 4517 1256 4554 e
1273 4509 1327 4556 117.

338 4569 365 4633 (²)
382 4571 412 4621 E.
429 4573 522 4624 Baulos
538 4581 614 4638 poeta
628 4581 717 4627 noster
733 4577 760 4626 in
776 4578 827 4628 rita
843 4591 889 4628 sua
905 4583 1010 4629 attente.
