3458 5602
602 457 740 514 CANTUS
766 462 959 516 transimus
984 462 1126 516 PRIMUS.
1421 452 1444 516 9

276 604 461 700 frigidum,
487 604 550 678 sed
581 626 604 678 a
633 605 733 679 nube
764 606 855 679 nivis
885 607 1074 702 egreditur
1107 609 1301 702 paulatim3
1332 574 1456 703 vapor

275 725 386 801 etiam
413 725 516 818 nivis,
543 725 703 797 muitum
731 726 841 800 habet
870 727 916 801 do
949 727 1114 800 terrestri
1138 727 1322 822 admixt03
1350 728 1447 801 unde

274 864 373 939 aqua
398 844 491 918 nivis
515 864 590 917 non
615 850 671 918 est
695 865 800 940 pura,
827 845 902 919 imo
932 845 1146 940 perniciosa,
1178 847 1241 921 sed
1276 847 1446 921 secundat

276 965 436 1037 multum
465 969 591 1037 terras.
619 963 712 1037 Dicit
736 984 826 1059 ergo
849 964 1003 1038 Statius:
1022 984 1111 1039 vere
1127 965 1185 1039 hio
1204 966 1301 1040 nulla
1319 973 1374 1040 est
1390 967 1445 1039 al·

277 1083 420 1176 teratio,
433 1079 561 1174 percite
575 1101 647 1153 non
660 1085 819 1174 ptoppto,
836 1105 908 1155 non
925 1086 1080 1175 prendo,
1096 1105 1168 1157 oon
1184 1106 1281 1176 neue,
1294 1107 1366 1158 non
1381 1106 1445 1157 ro-

274 1204 399 1293 pt'ada,
416 1222 488 1273 non
508 1202 612 1273 ὸηήα
632 1205 718 1274 rade
736 1197 801 1293 piri
825 1224 867 1276 su
891 1206 951 1275 ote
976 1206 1012 1275 tu
1032 1207 1175 1277 scalena
1195 1205 1310 1296 breue,
1327 1207 1379 1277 de*
1393 1212 1446 1277 tre

274 1323 396 1412 prurit,
421 1340 506 1414 quae
530 1320 631 1394 ducit
661 1321 708 1394 ad
739 1327 882 1415 portam
913 1323 1127 1418 purgatorii,
1159 1328 1200 1395 ut
1229 1323 1322 1397 inira
1348 1323 1443 1397 dicit.

275 1442 320 1515 Et
344 1441 402 1514 hio
428 1447 514 1514 nota
540 1440 639 1534 quod
664 1440 759 1514 sicut
790 1441 902 1535 aliqui
935 1445 1073 1536 volunt,
1100 1463 1254 1538 vapores
1280 1444 1342 1537 qui
1369 1444 1445 1516 ele-

275 1568 412 1636 vantur
435 1582 458 1634 a
483 1561 570 1653 soie,
597 1581 643 1634 en
670 1561 804 1654 quibus
828 1562 963 1656 pluvia,
990 1564 1063 1655 nix,
1089 1563 1241 1658 grando,
1264 1571 1301 1638 et
1326 1562 1445 1636 omnis

274 1700 385 1756 aerea
415 1678 605 1773 impressio
636 1686 850 1775 generatur,
881 1681 928 1754 ad
959 1681 1040 1775 plus
1074 1681 1227 1754 tendunt
1261 1681 1297 1754 in
1328 1683 1445 1753 altum

274 1821 341 1896 per
365 1805 449 1873 octo
484 1798 661 1890 milliaria,
692 1805 729 1873 et
763 1801 810 1874 ab
840 1801 924 1874 inde
956 1821 1066 1895 supra
1093 1821 1166 1874 non
1192 1801 1231 1874 iit
1255 1800 1445 1896 generatio

275 1919 409 2013 aliqua.
436 1919 480 1992 nt
506 1918 620 2013 tangit
646 1920 839 1993 materiam
866 1920 1047 1994 dictarum
1073 1921 1367 2014 impressionum,
1391 1920 1446 1993 di·

274 2060 380 2115 cens:
407 2041 530 2113 novole
554 2060 669 2130 spesse
685 2060 757 2111 noa
772 2042 895 2131 poton,
913 2040 1014 2132 idest,
1035 2060 1106 2113 non
1132 2046 1308 2134 apparent
1329 2039 1444 2133 nobis,

274 2153 321 2232 ue
340 2162 443 2250 rade,
461 2153 507 2231 rte*
522 2179 745 2249 cornescere,
766 2160 852 2253 quia
874 2160 966 2255 ignis
981 2152 1017 2250 (¹)
1037 2159 1192 2256 fulguris
1217 2159 1256 2233 fit
1281 2160 1442 2233 inclusus

275 2279 314 2352 in
332 2278 483 2352 humido
500 2297 631 2371 aquen.
651 2278 694 2351 Et
712 2279 826 2374 tangit
843 2279 1009 2352 subtilius
1026 2279 1135 2352 aliam
1156 2279 1444 2373 impressionem,

275 2398 416 2472 dicens:
441 2393 487 2471 ne*
510 2399 610 2488 fipttu
640 2400 677 2469 di
711 2403 912 2488 Yaumonte,
943 2398 1044 2492 idest,
1074 2398 1151 2492 Iris,
1178 2419 1262 2492 quae
1292 2403 1445 2471 vocatur

274 2539 384 2592 arcus
400 2517 576 2611 pluvialis.
595 2517 649 2590 Ad
666 2518 765 2612 quod
787 2525 873 2592 nota
890 2518 989 2612 quod
1006 2519 1071 2592 Iris
1091 2525 1146 2593 est
1162 2519 1279 2592 nubes
1295 2518 1360 2592 soli
1378 2538 1445 2611 op-

275 2637 401 2732 posita,
430 2636 536 2710 radiis
552 2627 588 2728 (²)
616 2636 700 2710 solis
726 2637 973 2732 multipliciter
997 2637 1202 2711 informata.
1229 2637 1352 2710 Poetae
1375 2657 1444 2709 au-

276 2764 351 2830 tem
373 2757 515 2851 fingunt
534 2756 668 2830 lridem
686 2756 797 2830 fuisse
814 2757 924 2830 filiam
943 2757 1198 2849 Thaumantis3
1217 2776 1302 2829 nam
1321 2757 1445 2828 Thau-

276 2897 356 2950 mas
375 2896 508 2972 graece‚
526 2876 637 2951 latine
661 2876 924 2970 interpretatur
952 2876 1143 2969 mirabilis3
1168 2882 1205 2950 et
1230 2876 1308 2949 sine
1332 2874 1444 2948 dubio

277 3016 335 3070 res
360 2995 533 3069 mirabilis
558 3002 624 3088 est,
650 3001 687 3069 et
713 2995 886 3068 mirabitis
900 2984 937 3085 (³)
963 2999 1114 3088 apparet
1146 2994 1260 3068 oculis
1290 2992 1444 3086 nostris;
1534 3047 1536 3050 -

275 3121 313 3188 et
335 3114 440 3188 dicit:
460 3117 518 3186 cte
542 3117 581 3187 di
599 3105 648 3205 nt,
669 3114 771 3207 idest,
792 3134 876 3207 quae
894 3113 959 3186 lris
979 3113 1016 3186 in
1045 3113 1184 3186 mundo
1208 3119 1341 3205 vestro,
1359 3133 1445 3184 oan-

274 3238 336 3326 piu
363 3241 501 3307 serente
532 3237 713 3323 contrade,
745 3233 846 3326 idest,
874 3239 992 3307 mutat
1026 3252 1123 3328 saepe
1156 3233 1336 3328 regiones.
1369 3233 1445 3306 Hoc

275 3353 356 3428 ideo
381 3353 477 3447 dicit,
502 3353 589 3446 quia
615 3353 643 3425 si
669 3353 735 3426 lris
760 3359 912 3446 apparet
937 3353 974 3425 in
996 3372 1116 3446 mane,
1138 3352 1284 3426 videtur
1309 3352 1356 3425 ab
1381 3372 1445 3425 oc-

276 3472 429 3566 cidente,
455 3473 545 3546 siin
576 3472 737 3567 vesperis
771 3472 808 3545 in
837 3471 988 3545 oriente.
1002 3512 1052 3525 -
1065 3476 1178 3545 Sccco.
1210 3472 1275 3544 Hic
1308 3470 1444 3544 Statius

276 3591 389 3688 tangit
421 3592 597 3667 rationem
632 3590 838 3665 naturalem
870 3589 967 3664 venti
1001 3597 1040 3664 et
1072 3596 1324 3664 terremotus:
1357 3609 1443 3662 nam

277 3717 407 3785 ventus
432 3717 488 3785 est
513 3730 627 3804 vapor
652 3710 769 3783 siccus
799 3715 837 3783 et
865 3709 1005 3782 subtilis
1034 3710 1199 3784 elevatus
1226 3731 1250 3782 a
1280 3709 1377 3801 soie;
1407 3714 1445 3780 et

277 3835 509 3904 terremotus
535 3829 573 3902 fit
598 3829 745 3922 quando
771 3837 903 3902 ventus
920 3829 1031 3902 intrat
1048 3828 1189 3902 viscera
1207 3835 1317 3901 terrae
1334 3835 1371 3901 et
1387 3826 1444 3899 in-

275 3954 486 4022 carceratus
511 3926 598 4021 non¹
616 3955 734 4042 potest
767 3947 889 4022 exire:
916 3948 998 4022 ideo
1024 3947 1204 4020 violenter
1233 3954 1445 4021 commovet

277 4073 413 4142 terram
438 4074 475 4142 et
488 4057 525 4161 (⁴)
554 4075 715 4143 tremere
740 4068 834 4143 iacit.
860 4069 952 4142 Dicit
976 4088 1086 4163 ergo:
1113 4072 1217 4142 Secoo
1243 4089 1357 4161 uapor
1373 4089 1445 4141 non

274 4206 378 4277 corpe
410 4183 473 4280 piri
510 4196 649 4279 anone,
687 4188 790 4280 idest,
828 4188 946 4283 magis
980 4208 1142 4282 sursum,
1174 4190 1224 4261 ct’
1237 4191 1277 4260 at
1310 4208 1445 4260 somnae

276 4306 328 4378 de
340 4314 393 4380 tre
407 4310 526 4400 prodi,
544 4308 640 4381 iliius
666 4307 787 4382 brevis
807 4308 924 4401 scalae,
951 4310 1001 4380 clt’
1013 4310 1050 4380 io
1063 4311 1197 4400 portat,
1216 4328 1325 4402 supra
1344 4308 1444 4401 capi-

336 4492 365 4553 (¹)
381 4493 411 4542 Ε.
427 4494 492 4556 iente
507 4494 535 4544 nt
551 4495 674 4546 inclusus.
829 4492 857 4555 (Ἰ
872 4494 904 4544 Ε.
920 4500 945 4545 at
962 4494 1040 4545 radiis
1055 4495 1192 4546 solaribus.

337 4566 365 4631 (⁸)
380 4568 411 4620 E.
427 4569 578 4622 mirabilior.
831 4570 859 4632 (ἢ
873 4571 905 4621 Ε.
920 4575 947 4621 et
962 4570 1024 4622 iacit
1039 4584 1098 4622 enm
1113 4577 1236 4623 tremere.
1251 4569 1329 4620 nint
