3458 5602
279 478 301 543 l
643 489 845 545 conserunt
870 488 1089 543 runcsroau

278 641 385 709 erant
410 633 596 708 tractanda
621 653 688 727 per
713 652 800 707 eum
836 651 920 726 quae
951 651 1025 704 non
1059 635 1200 724 poterat
1231 630 1309 706 sine
1339 639 1447 726 poeta

278 752 485 845 christiano,
505 758 549 824 ut
572 752 709 846 patebit
726 751 763 825 in
780 751 878 824 XXV
899 751 1058 846 capitulo
1078 755 1116 824 et
1135 750 1230 824 alibi.
1249 751 1319 826 Sed
1339 758 1447 846 poeta

278 872 398 967 potius
423 871 618 946 introducit
643 892 731 945 eum
758 871 828 964 nic,
853 871 940 964 quia
965 876 1106 944 constat
1122 870 1240 964 ipsum
1259 870 1393 946 vixisse
1409 871 1448 945 in

153 1084 156 1089 ι
278 1012 424 1065 summa
449 996 612 1086 egestate
643 997 680 1064 et
711 990 851 1084 inopia,
883 988 983 1083 quod
1013 1010 1085 1063 non
1112 989 1256 1062 videtur
1284 991 1447 1084 potuisse

277 1113 490 1208 contingere
514 1111 594 1185 viro
616 1117 726 1183 tantae
743 1109 968 1185 excellentiae
988 1110 1025 1182 in
1043 1110 1147 1202 urbe,
1167 1109 1202 1182 in
1221 1131 1295 1204 qua
1313 1111 1446 1184 dicitur

278 1230 498 1305 rhetoricam
523 1230 700 1322 docuisse,
728 1229 794 1303 nisi
828 1249 874 1302 ex
905 1249 1033 1303 errore
1065 1227 1224 1324 prodigae
1255 1229 1442 1326 largitatis.

276 1350 475 1427 introducit
499 1357 625 1423 autem
651 1351 749 1422 hunc
775 1349 1017 1422 clarissimum
1043 1353 1188 1443 poetam
1211 1369 1277 1442 per
1300 1350 1445 1424 nobilis-

276 1471 406 1547 simam
433 1470 757 1563 comparationem,
775 1469 913 1543 dicens:
941 1473 985 1540 Et
1008 1489 1086 1540 ecco
1111 1471 1169 1540 un'
1182 1469 1320 1559 umbra,
1342 1469 1444 1562 idest,

276 1589 424 1666 illustris
448 1591 571 1663 anima
596 1589 707 1682 Statii,
734 1593 765 1661 ct
790 1610 959 1680 opporve,
987 1588 1090 1662 nobis
1115 1588 1270 1681 duobus,
1295 1582 1326 1661 st
1350 1610 1445 1662 come

275 1730 319 1782 ne
341 1713 454 1782 scrico
478 1714 585 1800 Luca,
611 1709 737 1782 XXllll
762 1714 798 1782 et
825 1708 954 1781 ultimo
979 1707 1149 1801 capitulo,
1167 1709 1227 1780 cte
1246 1711 1358 1780 cristo
1383 1698 1444 1798 pit

274 1837 387 1920 nuto,
412 1829 514 1922 idest,
532 1829 672 1903 levatus
697 1849 763 1922 per
777 1823 813 1919 (¹)
842 1828 1161 1920 resurrectionem,
1176 1832 1261 1920 soor
1283 1831 1375 1901 delta
1391 1849 1447 1902 sc-

269 1950 413 2040 pulcro!
436 1949 537 2038 buca,
562 1947 654 2021 idest
678 1955 784 2021 extra
809 1967 850 2019 os
874 1946 1042 2041 sepulcri,
1061 1967 1219 2038 opporoe
1235 1950 1359 2036 o’du0,
1377 1947 1446 2022 sci·

275 2066 370 2159 licet,
402 2066 593 2160 discipulis,
624 2069 674 2139 clr’
687 2087 797 2139 mano
828 2069 866 2138 in
898 2069 968 2155 oia,
1002 2072 1132 2140 euntes
1168 2066 1215 2139 ad
1253 2068 1443 2141 castellum

275 2187 475 2278 Emmaus3
501 2192 539 2258 et
563 2185 666 2259 dicit:
693 2207 711 2256 e
735 2187 846 2257 dietro
872 2206 897 2256 o
920 2188 981 2257 noi
1005 2188 1120 2276 venio,
1144 2186 1204 2259 illa
1231 2187 1376 2280 umbra,
1396 2191 1445 2260 da

273 2301 332 2397 ple*
354 2307 568 2394 puardondo
593 2307 629 2376 la
653 2306 757 2376 torta
780 2307 840 2376 cte
863 2307 974 2394 piace,
1000 2304 1147 2397 scilicet,
1170 2305 1440 2380 multitudinem

275 2442 474 2496 avarorum
503 2443 675 2518 magnam
697 2423 897 2517 jacentium
932 2443 996 2516 per
1031 2429 1181 2516 terram,
1213 2423 1250 2497 in
1282 2445 1442 2517 quorum

276 2561 435 2617 numero
460 2549 498 2616 et
521 2541 694 2636 supplicio
724 2542 801 2635 ipse
832 2548 912 2616 erat
937 2543 1045 2634 paulo
1071 2548 1180 2634 ante;
1206 2549 1243 2616 et
1268 2542 1371 2616 dicit:
1398 2540 1445 2618 nd

275 2662 516 2734 ctoddemmo
542 2665 579 2735 dt
604 2664 659 2752 tei,
685 2660 787 2753 idest,
814 2681 888 2733 non
914 2660 1171 2753 perpendimus
1196 2660 1243 2734 de
1268 2660 1362 2734 illius
1379 2682 1444 2734 su-

276 2779 349 2855 bita
375 2780 610 2874 apparitione,
628 2774 658 2852 si
672 2773 781 2871 parld
798 2782 895 2870 prio,
913 2782 1078 2852 dicendo:
1103 2781 1251 2871 Osrolc’
1265 2782 1356 2867 miei,
1376 2783 1446 2852 Dio

277 2903 396 2973 vidia
418 2921 520 2992 poce,
546 2899 692 2992 scilicet,
718 2905 906 2992 aeternam,
932 2898 978 2971 ad
1010 2919 1122 2991 quam
1154 2917 1224 2992 ego
1255 2898 1374 2972 tendo.
1402 2899 1446 2972 Et

276 3019 334 3093 hic
366 3025 451 3091 nota
482 3024 662 3112 quantum
692 3019 785 3092 dicta
816 3018 1041 3111 comparatio
1071 3023 1126 3091 est
1157 3017 1314 3111 propria.
1345 3017 1447 3092 Sicut

276 3138 374 3213 enirn
391 3128 427 3226 (²)
455 3136 617 3209 Christus
642 3143 724 3230 post
750 3135 1056 3209 resurrectionem
1078 3135 1124 3208 de
1140 3137 1309 3230 sepulcro
1334 3157 1446 3230 appa-

276 3259 351 3334 ruit
376 3258 520 3331 duobus
548 3257 718 3350 apostolis
749 3255 905 3351 ignotus,
936 3275 1029 3348 quos
1054 3256 1245 3348 salutavit3
1271 3257 1320 3332 ita
1347 3277 1445 3329 nunc

276 3376 412 3453 Statius
437 3383 517 3471 post
542 3376 793 3450 liberationem
823 3396 929 3448 suam
963 3394 1008 3447 ex
1039 3395 1190 3450 carcere
1205 3366 1241 3467 (³)
1273 3375 1442 3470 apparuit

276 3498 422 3594 ignotus
438 3496 582 3570 duobus
599 3495 713 3589 poetis
730 3515 824 3586 quos
841 3494 1005 3567 similiter
1023 3495 1204 3568 salutavit.
1218 3534 1268 3547 -
1281 3499 1358 3567 Not.
1378 3494 1444 3568 Hic

276 3623 384 3712 poeta
409 3615 508 3710 ponit
533 3614 805 3709 responsionem
824 3613 960 3709 Virgilii
986 3613 1048 3704 qtri
1076 3613 1228 3688 reddidit
1253 3614 1302 3686 illi
1324 3614 1441 3687 vicem

276 3738 380 3812 vultu
407 3740 443 3808 et
468 3734 600 3825 verb03
625 3733 724 3806 unde
749 3732 852 3806 dicit:
880 3735 960 3822 Nol,
985 3732 1107 3824 ambo,
1128 3735 1367 3822 ciootpemmo
1384 3753 1444 3804 cu·

275 3857 357 3947 dito,
382 3855 429 3929 ad
454 3875 534 3928 rem
561 3873 707 3945 novam,
728 3851 814 3945 quia
832 3850 995 3925 nondum
1022 3850 1189 3923 viderant
1213 3850 1250 3923 in
1277 3857 1352 3924 toto
1373 3850 1446 3924 cir·

276 3977 361 4052 culo
386 3976 455 4049 isto
479 3974 641 4048 animam
665 3973 830 4066 liberam,
848 3972 1006 4045 solutam
1028 3975 1065 4043 et
1085 3968 1206 4043 laetam
1232 3969 1299 4042 nisi
1325 3970 1443 4043 islam.

275 4095 320 4168 Et
344 4093 403 4166 hic
428 4098 515 4166 nota
540 4092 639 4185 quod
666 4099 771 4185 poeta
788 4079 824 4181 l‘)
853 4098 977 4164 noster
1001 4109 1088 4162 cum
1113 4088 1239 4163 iecerit
1265 4096 1339 4162 tam
1366 4087 1446 4161 lon-

277 4232 367 4310 g-um
395 4216 591 4285 tractatum
617 4208 663 4282 de
683 4209 806 4281 avaris
824 4208 861 4279 in
879 4207 947 4280 isto
964 4207 1115 4301 circulo,
1135 4227 1232 4282 nunc
1252 4206 1447 4281 introducit

338 4439 365 4501 (¹)
382 4439 412 4488 E.
430 4451 476 4501 per
492 4437 704 4501 gloriosissimam
720 4438 775 4486 eius
790 4437 1018 4488 resurrectionem.

337 4515 366 4579 (¹)
382 4516 413 4565 Ε.
429 4515 499 4565 enim
517 4514 643 4563 llomlnus
659 4518 745 4564 noster
761 4513 836 4563 lesus
851 4511 968 4563 Christus
984 4520 1049 4576 post.

338 4591 366 4655 (ι)
383 4596 436 4649 1¹7,
453 4590 499 4640 1110
516 4602 629 4640 carcere.
822 4590 849 4654 (¹)
866 4589 892 4640 S.
907 4595 984 4639 autor
999 4594 1095 4639 noster.
