3458 5602
285 460 330 527 38
646 470 850 525 counuruu
875 470 1097 525 runcaronu

281 616 384 709 idest,
411 616 473 711 qui
499 616 584 689 olim
612 616 775 691 coronati
792 608 828 706 (⁴)
854 620 941 688 sunt
966 613 1093 687 ironde
1119 614 1259 707 laurea,
1277 615 1372 689 sicut
1391 637 1459 690 co·
1504 601 1505 604 Ὺ

282 735 509 811 ronahantur
534 735 659 831 magni
690 735 844 831 tragoedi
871 741 908 808 et
936 734 1059 826 duces,
1087 739 1129 805 ut
1160 732 1302 807 dicetur
1334 735 1456 830 primo

281 856 452 929 Paradisi.
464 897 513 909 -
527 859 636 945 Quint.
651 857 715 929 Hic
729 855 899 951 Virgilius
916 854 1110 928 nominatis
1128 853 1345 947 quibusdam
1366 876 1456 950 poe-

281 975 326 1047 tis
351 977 491 1072 graecis,
519 977 684 1050 nominat
712 975 853 1069 aliquas
885 974 1059 1047 mulieres
1084 993 1224 1069 graecas
1250 973 1457 1049 notissimas

280 1097 377 1191 apud
403 1097 579 1190 Statium;
605 1102 642 1171 et
667 1095 787 1190 primo
813 1095 904 1168 duas
929 1115 1077 1168 sorores
1103 1093 1259 1190 reginas.
1278 1095 1331 1167 Ad
1349 1096 1456 1170 cuius

279 1214 553 1312 intelligentiam
580 1223 635 1290 est
660 1217 861 1307 sciendum,
880 1215 979 1308 quod
1004 1214 1274 1309 renubendo
1299 1236 1374 1308 quo
1399 1216 1456 1288 di·
1536 1256 1541 1261 -

280 1341 382 1408 ctum
417 1343 472 1409 est
503 1358 615 1431 supra
640 1334 677 1407 in
703 1335 863 1409 secunda
889 1340 992 1429 parte
1025 1334 1183 1429 capituli,
1211 1335 1331 1407 minor
1358 1335 1454 1408 lilius

279 1454 406 1550 OEdipi
432 1456 518 1528 exul
544 1477 566 1529 a
592 1456 723 1530 Thebis
754 1455 919 1550 pervenit
945 1455 992 1529 ad
1017 1456 1134 1550 Argos
1159 1454 1297 1528 claram
1328 1455 1455 1528 civila-

280 1580 355 1648 tem
386 1574 550 1649 Greciae:
579 1582 616 1649 et
641 1574 771 1649 eodem
807 1580 974 1668 tempore
1004 1574 1148 1670 Tydeus
1179 1595 1246 1669 pro
1271 1575 1455 1670 Meleagro

280 1694 392 1769 iratre
418 1716 486 1768 suo
512 1695 691 1791 prologus
713 1695 760 1768 ab
782 1694 914 1768 AEtolia
933 1694 1084 1790 regione
1101 1693 1329 1788 pervenitad
1349 1715 1455 1769 eam-

279 1814 363 1888 dem
395 1817 539 1909 urhem,
571 1822 607 1889 et
641 1816 751 1888 ambo
784 1821 941 1910 urgente
960 1820 1188 1919 tempestate
1221 1814 1456 1889 intraverunt

279 1936 501 2009 vestibulum
529 1937 640 2031 regiae
666 1936 809 2028 domus,
836 1942 873 2008 et
898 1935 1095 2009 deveniens
1110 1927 1147 2026 (²)
1166 1935 1212 2008 ad
1239 1935 1339 2009 litem
1367 1957 1456 2030 pro-

278 2059 360 2147 pter
385 2055 592 2150 angustiam
620 2055 688 2128 loci
716 2062 908 2149 coeperunt
932 2056 1026 2128 alter
1051 2055 1224 2147 alterum,
1243 2055 1297 2128 ira
1322 2055 1455 2128 stimu-

279 2174 388 2266 lante,
405 2175 502 2248 male
522 2180 693 2266 tractare,
712 2173 902 2268 Polynices
927 2194 1084 2268 corpore
1111 2195 1278 2270 magnus,
1301 2175 1363 2248 sed
1381 2176 1454 2271 Ty-

278 2295 369 2369 deus
396 2295 513 2368 maior
531 2295 655 2368 animo
672 2301 709 2368 et
727 2295 880 2368 virtute:
900 2294 1062 2367 tumultu
1081 2302 1206 2369 autem
1226 2295 1454 2371 fervescente

277 2413 453 2487 Adrastus
480 2434 547 2488 rex
578 2414 701 2509 gravis
731 2414 832 2488 senio
864 2413 1043 2488 excitatus
1072 2435 1095 2488 a
1128 2434 1257 2487 somno
1289 2414 1452 2488 accensis

278 2533 477 2607 luminibus
503 2533 648 2607 diremit
673 2534 825 2607 crudam
852 2555 1014 2629 pugnam
1050 2532 1228 2606 istorum:
1256 2540 1293 2606 et
1329 2533 1452 2607 videns

278 2653 436 2728 alterum
464 2675 550 2728 cum
580 2655 673 2748 pelle
699 2653 824 2746 leonis,
841 2655 999 2727 alterum
1021 2673 1108 2726 cum
1135 2653 1229 2747 pelle
1248 2653 1338 2748 apri,
1356 2655 1449 2728 duas

278 2773 368 2847 lilias
403 2796 489 2847 suas
523 2774 650 2847 nobilis
681 2774 810 2847 lormae
840 2779 877 2847 et
911 2773 1043 2845 nubilis
1075 2772 1190 2845 aetatis
1222 2772 1454 2867 desponsavit

277 2895 471 2988 ambobus,
493 2894 658 2969 videlicet
674 2894 822 2991 Argiam
843 2893 1013 2989 Polynici,
1032 2900 1069 2967 et
1089 2893 1288 2988 Deiphilem
1308 2893 1451 2989 Tydeo;

277 3014 492 3088 recordatus
519 3014 660 3106 somnii,
688 3015 724 3086 in
750 3034 825 3107 quo
849 3013 990 3087 viderat
1007 3013 1105 3106 quod
1127 3012 1218 3086 filias
1235 3034 1320 3085 suas
1338 3032 1451 3085 unam

277 3132 442 3227 rapiebat
466 3134 536 3225 leo,
562 3135 717 3206 alteram
750 3153 850 3227 aper,
876 3154 963 3206 cum
991 3132 1130 3206 videret
1165 3131 1244 3205 illos
1275 3133 1451 3206 habentes

275 3252 418 3325 animos
443 3258 480 3326 et
506 3251 629 3324 vultus
656 3252 809 3347 regales,
827 3251 891 3344 qui
918 3251 999 3325 lacti
1025 3250 1152 3346 generi
1180 3251 1275 3347 regis
1301 3251 1452 3325 luerunt

275 3377 402 3466 postea
428 3371 559 3445 iratres
577 3381 613 3447 et
630 3371 717 3444 socii
744 3371 1001 3464 amantissimi,
1018 3372 1065 3446 de
1085 3392 1247 3464 quorum
1271 3371 1451 3445 mortibus

274 3491 372 3585 apud
402 3490 543 3564 Thebas
573 3490 709 3563 dictum
742 3499 796 3565 est
826 3492 932 3585 plene
961 3491 998 3564 in
1030 3492 1185 3565 lnlerno.
1221 3492 1275 3566 hd
1305 3492 1449 3566 literam

275 3630 385 3707 ergo:
412 3609 497 3684 dicit
523 3608 693 3706 Virgilius
727 3610 860 3684 Statio:
893 3613 952 3704 qui
981 3615 1013 3683 si
1046 3615 1194 3702 oeyoion
1227 3615 1270 3684 de
1299 3615 1330 3685 le
1357 3614 1452 3702 genti

274 3742 342 3825 tue,
367 3733 413 3808 dc
445 3733 579 3826 quihus
612 3731 771 3808 tractasti
803 3732 840 3803 in
869 3731 1063 3825 Thebaide,
1097 3735 1217 3824 Deifile
1248 3735 1291 3804 ed
1321 3735 1449 3823 Argia,

274 3875 439 3947 sorores;
466 3859 504 3928 et
529 3851 693 3925 nominat
718 3851 810 3925 duas
836 3850 924 3924 alias
942 3873 1089 3926 sorores
1115 3851 1341 3944 infeliciores,
1363 3871 1448 3944 quae

274 3976 424 4047 luerunt
450 3973 532 4046 filiae
558 3972 685 4067 OEdipi
711 3978 748 4046 et
772 3973 935 4066 locastae,
955 3978 992 4046 et
1012 3992 1158 4046 sorores
1184 3971 1448 4046 infelicissimo-

275 4116 360 4167 rum
387 4094 556 4185 iratrum,
583 4092 728 4186 scilicet,
754 4093 909 4166 Eteoclis
935 4099 971 4167 et
997 4091 1187 4188 Polynicis,
1208 4092 1349 4166 dicens:
1372 4098 1448 4164 An-

274 4217 411 4305 dyona
438 4235 510 4287 uon
536 4212 701 4305 loquitur
727 4213 773 4286 de
797 4213 977 4307 Antigone
995 4212 1067 4286 lilia
1084 4210 1343 4287 Laumedontis
1362 4233 1447 4285 mu-

274 4342 349 4411 tata
386 4334 422 4408 in
462 4331 651 4425 ciconiam,
683 4339 716 4404 et
745 4337 879 4404 Ismene
915 4326 945 4405 sl
984 4337 1084 4406 trista
1122 4355 1217 4407 come
1250 4337 1322 4427 sue,
1361 4332 1448 4426 quia

335 4589 363 4654 (¹)
381 4596 435 4649 117,
450 4589 536 4640 ornati
551 4595 619 4640 sunt.
945 4590 974 4655 (¹)
991 4597 1044 4653 117,
1061 4593 1232 4644 dommum,
