<?xml version="1.0" encoding="UTF-8"?>
<!DOCTYPE html PUBLIC "-//W3C//DTD XHTML 1.0 Transitional//EN"
    "http://www.w3.org/TR/xhtml1/DTD/xhtml1-transitional.dtd">
<html xmlns="http://www.w3.org/1999/xhtml" xml:lang="en" lang="en">
 <head>
  <title>
</title>
<meta http-equiv="Content-Type" content="text/html;charset=utf-8" />
  <meta name='ocr-system' content='tesseract 3.04.00' />
  <meta name='ocr-capabilities' content='ocr_page ocr_carea ocr_par ocr_line ocrx_word'/>
</head>
<body>
  <div class='ocr_page' id='page_1' title='image "benevenutideram01benvgoog_0047.png"; bbox 0 0 3458 5602; ppageno 0'>
   <div class='ocr_carea' id='block_1_1' title="bbox 277 477 1082 550">
    <p class='ocr_par' dir='ltr' id='par_1_1' title="bbox 277 477 1082 550">
     <span class='ocr_line' id='line_1_1' title="bbox 277 477 1082 550; baseline 0.004 -6"><span class='ocrx_word' id='word_1_1' title='bbox 277 477 324 544; x_wconf 78' lang='lat' dir='ltr'><strong>et</strong></span> <span class='ocrx_word' id='word_1_2' title='bbox 635 494 839 550; x_wconf 83' lang='lat' dir='ltr'><strong>connurun</strong></span> <span class='ocrx_word' id='word_1_3' title='bbox 863 496 1082 550; x_wconf 73' lang='lat' dir='ltr'><strong>nononronu</strong></span> 
     </span>
    </p>
   </div>
   <div class='ocr_carea' id='block_1_2' title="bbox 272 640 1456 2778">
    <p class='ocr_par' dir='ltr' id='par_1_2' title="bbox 272 640 1456 2778">
     <span class='ocr_line' id='line_1_2' title="bbox 272 640 1452 736; baseline 0.003 -25"><span class='ocrx_word' id='word_1_4' title='bbox 272 642 335 730; x_wconf 86' lang='lat' dir='ltr'><strong>poi</strong></span> <span class='ocrx_word' id='word_1_5' title='bbox 353 643 518 730; x_wconf 82' lang='lat' dir='ltr'><strong>parendo</strong></span> <span class='ocrx_word' id='word_1_6' title='bbox 544 648 640 713; x_wconf 85' lang='lat' dir='ltr'><strong>tuoto</strong></span> <span class='ocrx_word' id='word_1_7' title='bbox 664 645 771 732; x_wconf 85' lang='lat' dir='ltr'><strong>santi,</strong></span> <span class='ocrx_word' id='word_1_8' title='bbox 798 641 844 713; x_wconf 91' lang='lat' dir='ltr'><strong>illi</strong></span> <span class='ocrx_word' id='word_1_9' title='bbox 877 640 1127 736; x_wconf 80' lang='lat' dir='ltr'><strong>praedicantes,</strong></span> <span class='ocrx_word' id='word_1_10' title='bbox 1148 641 1220 730; x_wconf 77' lang='lat' dir='ltr'><strong>cite,</strong></span> <span class='ocrx_word' id='word_1_11' title='bbox 1244 661 1356 713; x_wconf 79' lang='lat' dir='ltr'><strong>senza</strong></span> <span class='ocrx_word' id='word_1_12' title='bbox 1381 645 1452 714; x_wconf 85' lang='lat' dir='ltr'><strong>mio</strong></span> 
     </span>
     <span class='ocr_line' id='line_1_3' title="bbox 275 761 1453 856; baseline 0.003 -23"><span class='ocrx_word' id='word_1_13' title='bbox 275 763 452 850; x_wconf 77' lang='lat' dir='ltr'><strong>tapmmur</strong></span> <span class='ocrx_word' id='word_1_14' title='bbox 483 783 556 834; x_wconf 86' lang='lat' dir='ltr'><strong>non</strong></span> <span class='ocrx_word' id='word_1_15' title='bbox 583 766 646 856; x_wconf 77' lang='lat' dir='ltr'><strong>sur</strong></span> <span class='ocrx_word' id='word_1_16' title='bbox 675 765 731 834; x_wconf 87' lang='lat' dir='ltr'><strong>tor</strong></span> <span class='ocrx_word' id='word_1_17' title='bbox 757 765 883 855; x_wconf 81' lang='lat' dir='ltr'><strong>pienti,</strong></span> <span class='ocrx_word' id='word_1_18' title='bbox 917 782 964 836; x_wconf 83' lang='lat' dir='ltr'><strong>ex</strong></span> <span class='ocrx_word' id='word_1_19' title='bbox 995 761 1247 854; x_wconf 84' lang='lat' dir='ltr'><strong>compassione</strong></span> <span class='ocrx_word' id='word_1_20' title='bbox 1276 762 1453 836; x_wconf 91' lang='lat' dir='ltr'><strong>innocen·</strong></span> 
     </span>
     <span class='ocr_line' id='line_1_4' title="bbox 276 881 1451 976; baseline 0.003 -24"><span class='ocrx_word' id='word_1_21' title='bbox 276 886 368 973; x_wconf 94' lang='lat' dir='ltr'><strong>tum,</strong></span> <span class='ocrx_word' id='word_1_22' title='bbox 394 886 536 974; x_wconf 82' lang='lat' dir='ltr'><strong>quondo</strong></span> <span class='ocrx_word' id='word_1_23' title='bbox 553 886 743 956; x_wconf 84' lang='lat' dir='ltr'><strong>Domiziun</strong></span> <span class='ocrx_word' id='word_1_24' title='bbox 764 885 790 956; x_wconf 82' lang='lat' dir='ltr'><strong>tt</strong></span> <span class='ocrx_word' id='word_1_25' title='bbox 802 889 1024 975; x_wconf 77' lang='lat' dir='ltr'><strong>persequette.</strong></span> <span class='ocrx_word' id='word_1_26' title='bbox 1047 881 1275 954; x_wconf 87' lang='lat' dir='ltr'><strong>Domitianus</strong></span> <span class='ocrx_word' id='word_1_27' title='bbox 1302 882 1451 976; x_wconf 92' lang='lat' dir='ltr'><strong>quidem</strong></span> 
     </span>
     <span class='ocr_line' id='line_1_5' title="bbox 275 995 1451 1097; baseline 0.003 -25"><span class='ocrx_word' id='word_1_28' title='bbox 275 1007 356 1096; x_wconf 89' lang='lat' dir='ltr'><strong>post</strong></span> <span class='ocrx_word' id='word_1_29' title='bbox 380 1001 563 1077; x_wconf 83' lang='lat' dir='ltr'><strong>Neronem</strong></span> <span class='ocrx_word' id='word_1_30' title='bbox 580 995 616 1093; x_wconf 76' lang='lat'><strong>(⁴)</strong></span> <span class='ocrx_word' id='word_1_31' title='bbox 644 1003 937 1097; x_wconf 84' lang='lat' dir='ltr'><strong>persecutionem</strong></span> <span class='ocrx_word' id='word_1_32' title='bbox 960 1001 1044 1076; x_wconf 85' lang='lat' dir='ltr'><strong>iecit</strong></span> <span class='ocrx_word' id='word_1_33' title='bbox 1068 1001 1105 1073; x_wconf 92' lang='lat' dir='ltr'><strong>in</strong></span> <span class='ocrx_word' id='word_1_34' title='bbox 1131 1001 1356 1096; x_wconf 89' lang='lat' dir='ltr'><strong>christianos,</strong></span> <span class='ocrx_word' id='word_1_35' title='bbox 1376 1003 1451 1077; x_wconf 93' lang='lat' dir='ltr'><strong>imo</strong></span> 
     </span>
     <span class='ocr_line' id='line_1_6' title="bbox 275 1119 1451 1218; baseline 0.001 -25"><span class='ocrx_word' id='word_1_36' title='bbox 275 1119 473 1194; x_wconf 91' lang='lat' dir='ltr'><strong>intantum</strong></span> <span class='ocrx_word' id='word_1_37' title='bbox 492 1122 660 1218; x_wconf 84' lang='lat' dir='ltr'><strong>flagravit</strong></span> <span class='ocrx_word' id='word_1_38' title='bbox 681 1123 764 1197; x_wconf 93' lang='lat' dir='ltr'><strong>odio</strong></span> <span class='ocrx_word' id='word_1_39' title='bbox 782 1122 923 1214; x_wconf 83' lang='lat' dir='ltr'><strong>Christi,</strong></span> <span class='ocrx_word' id='word_1_40' title='bbox 941 1121 1052 1215; x_wconf 94' lang='lat' dir='ltr'><strong>quod,</strong></span> <span class='ocrx_word' id='word_1_41' title='bbox 1071 1127 1163 1195; x_wconf 92' lang='lat' dir='ltr'><strong>teste</strong></span> <span class='ocrx_word' id='word_1_42' title='bbox 1185 1122 1348 1215; x_wconf 89' lang='lat' dir='ltr'><strong>Horosio,</strong></span> <span class='ocrx_word' id='word_1_43' title='bbox 1367 1122 1451 1196; x_wconf 87' lang='lat' dir='ltr'><strong>iecit</strong></span> 
     </span>
     <span class='ocr_line' id='line_1_7' title="bbox 275 1239 1451 1338; baseline 0.002 -24"><span class='ocrx_word' id='word_1_44' title='bbox 275 1239 466 1337; x_wconf 80' lang='lat' dir='ltr'><strong>diligenter</strong></span> <span class='ocrx_word' id='word_1_45' title='bbox 492 1243 626 1337; x_wconf 89' lang='lat' dir='ltr'><strong>inquiri</strong></span> <span class='ocrx_word' id='word_1_46' title='bbox 651 1244 698 1318; x_wconf 98' lang='lat' dir='ltr'><strong>de</strong></span> <span class='ocrx_word' id='word_1_47' title='bbox 719 1243 850 1338; x_wconf 86' lang='lat' dir='ltr'><strong>judaeis</strong></span> <span class='ocrx_word' id='word_1_48' title='bbox 876 1243 922 1317; x_wconf 92' lang='lat' dir='ltr'><strong>de</strong></span> <span class='ocrx_word' id='word_1_49' title='bbox 945 1243 1056 1337; x_wconf 88' lang='lat' dir='ltr'><strong>stirpe</strong></span> <span class='ocrx_word' id='word_1_50' title='bbox 1076 1242 1203 1335; x_wconf 88' lang='lat' dir='ltr'><strong>David,</strong></span> <span class='ocrx_word' id='word_1_51' title='bbox 1221 1249 1263 1314; x_wconf 89' lang='lat' dir='ltr'><strong>ut</strong></span> <span class='ocrx_word' id='word_1_52' title='bbox 1280 1243 1451 1338; x_wconf 88' lang='lat' dir='ltr'><strong>perderet</strong></span> 
     </span>
     <span class='ocr_line' id='line_1_8' title="bbox 276 1363 1451 1458; baseline 0.002 -22"><span class='ocrx_word' id='word_1_53' title='bbox 276 1383 340 1436; x_wconf 90' lang='lat' dir='ltr'><strong>eos</strong></span> <span class='ocrx_word' id='word_1_54' title='bbox 365 1364 412 1438; x_wconf 98' lang='lat' dir='ltr'><strong>de</strong></span> <span class='ocrx_word' id='word_1_55' title='bbox 437 1370 549 1457; x_wconf 89' lang='lat' dir='ltr'><strong>terra,</strong></span> <span class='ocrx_word' id='word_1_56' title='bbox 568 1363 653 1458; x_wconf 91' lang='lat' dir='ltr'><strong>quia</strong></span> <span class='ocrx_word' id='word_1_57' title='bbox 672 1364 863 1438; x_wconf 88' lang='lat' dir='ltr'><strong>audiverat</strong></span> <span class='ocrx_word' id='word_1_58' title='bbox 880 1363 1064 1436; x_wconf 85' lang='lat' dir='ltr'><strong>Christum</strong></span> <span class='ocrx_word' id='word_1_59' title='bbox 1085 1370 1212 1437; x_wconf 90' lang='lat' dir='ltr'><strong>natum</strong></span> <span class='ocrx_word' id='word_1_60' title='bbox 1239 1364 1286 1437; x_wconf 94' lang='lat' dir='ltr'><strong>de</strong></span> <span class='ocrx_word' id='word_1_61' title='bbox 1310 1365 1451 1438; x_wconf 92' lang='lat' dir='ltr'><strong>semine</strong></span> 
     </span>
     <span class='ocr_line' id='line_1_9' title="bbox 276 1483 1451 1579; baseline 0.002 -23"><span class='ocrx_word' id='word_1_62' title='bbox 276 1483 400 1557; x_wconf 84' lang='lat' dir='ltr'><strong>David.</strong></span> <span class='ocrx_word' id='word_1_63' title='bbox 427 1485 471 1557; x_wconf 87' lang='lat' dir='ltr'><strong>Et</strong></span> <span class='ocrx_word' id='word_1_64' title='bbox 495 1485 626 1578; x_wconf 86' lang='lat' dir='ltr'><strong>subdit,</strong></span> <span class='ocrx_word' id='word_1_65' title='bbox 646 1485 744 1578; x_wconf 91' lang='lat' dir='ltr'><strong>quod</strong></span> <span class='ocrx_word' id='word_1_66' title='bbox 771 1505 844 1558; x_wconf 94' lang='lat' dir='ltr'><strong>non</strong></span> <span class='ocrx_word' id='word_1_67' title='bbox 870 1485 988 1557; x_wconf 89' lang='lat' dir='ltr'><strong>solum</strong></span> <span class='ocrx_word' id='word_1_68' title='bbox 1007 1483 1131 1557; x_wconf 90' lang='lat' dir='ltr'><strong>animo</strong></span> <span class='ocrx_word' id='word_1_69' title='bbox 1155 1483 1219 1558; x_wconf 91' lang='lat' dir='ltr'><strong>sed</strong></span> <span class='ocrx_word' id='word_1_70' title='bbox 1236 1504 1348 1579; x_wconf 91' lang='lat' dir='ltr'><strong>opere</strong></span> <span class='ocrx_word' id='word_1_71' title='bbox 1365 1504 1451 1558; x_wconf 90' lang='lat' dir='ltr'><strong>suc-</strong></span> 
     </span>
     <span class='ocr_line' id='line_1_10' title="bbox 276 1593 1449 1697; baseline -0.001 -21"><span class='ocrx_word' id='word_1_72' title='bbox 276 1604 393 1677; x_wconf 85' lang='lat' dir='ltr'><strong>currit</strong></span> <span class='ocrx_word' id='word_1_73' title='bbox 418 1605 497 1697; x_wconf 89' lang='lat' dir='ltr'><strong>iliis,</strong></span> <span class='ocrx_word' id='word_1_74' title='bbox 523 1605 665 1679; x_wconf 90' lang='lat' dir='ltr'><strong>dicens:</strong></span> <span class='ocrx_word' id='word_1_75' title='bbox 692 1627 711 1676; x_wconf 89' lang='lat' dir='ltr'><strong>e</strong></span> <span class='ocrx_word' id='word_1_76' title='bbox 736 1611 868 1677; x_wconf 80' lang='lat' dir='ltr'><strong>mentre</strong></span> <span class='ocrx_word' id='word_1_77' title='bbox 892 1606 951 1675; x_wconf 85' lang='lat' dir='ltr'><strong>cde</strong></span> <span class='ocrx_word' id='word_1_78' title='bbox 976 1605 1013 1676; x_wconf 86' lang='lat' dir='ltr'><strong>di</strong></span> <span class='ocrx_word' id='word_1_79' title='bbox 1043 1593 1080 1675; x_wconf 85' lang='lat' dir='ltr'><strong>td</strong></span> <span class='ocrx_word' id='word_1_80' title='bbox 1107 1624 1174 1695; x_wconf 83' lang='lat' dir='ltr'><strong>per</strong></span> <span class='ocrx_word' id='word_1_81' title='bbox 1205 1625 1258 1675; x_wconf 88' lang='lat' dir='ltr'><strong>me</strong></span> <span class='ocrx_word' id='word_1_82' title='bbox 1287 1606 1319 1675; x_wconf 82' lang='lat' dir='ltr'><strong>si</strong></span> <span class='ocrx_word' id='word_1_83' title='bbox 1343 1610 1449 1695; x_wconf 80' lang='lat' dir='ltr'><strong>stette,</strong></span> 
     </span>
     <span class='ocr_line' id='line_1_11' title="bbox 275 1721 1452 1819; baseline 0 -24"><span class='ocrx_word' id='word_1_84' title='bbox 275 1723 378 1816; x_wconf 86' lang='lat' dir='ltr'><strong>idest,</strong></span> <span class='ocrx_word' id='word_1_85' title='bbox 404 1724 580 1816; x_wconf 91' lang='lat' dir='ltr'><strong>quamdiu</strong></span> <span class='ocrx_word' id='word_1_86' title='bbox 599 1731 724 1819; x_wconf 79' lang='lat' dir='ltr'><strong>postca</strong></span> <span class='ocrx_word' id='word_1_87' title='bbox 746 1723 856 1797; x_wconf 89' lang='lat' dir='ltr'><strong>vitam</strong></span> <span class='ocrx_word' id='word_1_88' title='bbox 877 1722 987 1795; x_wconf 91' lang='lat' dir='ltr'><strong>babui</strong></span> <span class='ocrx_word' id='word_1_89' title='bbox 1008 1721 1146 1815; x_wconf 84' lang='lat' dir='ltr'><strong>Romae,</strong></span> <span class='ocrx_word' id='word_1_90' title='bbox 1164 1726 1199 1795; x_wconf 83' lang='lat' dir='ltr'><strong>io</strong></span> <span class='ocrx_word' id='word_1_91' title='bbox 1215 1725 1266 1813; x_wconf 79' lang='lat' dir='ltr'><strong>pti</strong></span> <span class='ocrx_word' id='word_1_92' title='bbox 1284 1725 1452 1795; x_wconf 82' lang='lat' dir='ltr'><strong>soooeuni</strong></span> 
     </span>
     <span class='ocr_line' id='line_1_12' title="bbox 276 1846 1452 1938; baseline 0.001 -23"><span class='ocrx_word' id='word_1_93' title='bbox 276 1864 295 1915; x_wconf 89' lang='lat' dir='ltr'><strong>c</strong></span> <span class='ocrx_word' id='word_1_94' title='bbox 319 1847 332 1915; x_wconf 84' lang='lat' dir='ltr'><strong>i</strong></span> <span class='ocrx_word' id='word_1_95' title='bbox 357 1846 413 1915; x_wconf 83' lang='lat' dir='ltr'><strong>tor</strong></span> <span class='ocrx_word' id='word_1_96' title='bbox 438 1847 535 1916; x_wconf 84' lang='lat' dir='ltr'><strong>dritb&#39;</strong></span> <span class='ocrx_word' id='word_1_97' title='bbox 560 1848 705 1917; x_wconf 83' lang='lat' dir='ltr'><strong>costumi</strong></span> <span class='ocrx_word' id='word_1_98' title='bbox 725 1848 784 1938; x_wconf 82' lang='lat' dir='ltr'><strong>scr</strong></span> <span class='ocrx_word' id='word_1_99' title='bbox 809 1846 1010 1936; x_wconf 74' lang='lat' dir='ltr'><strong>dioprept‘ur</strong></span> <span class='ocrx_word' id='word_1_100' title='bbox 1033 1864 1057 1913; x_wconf 89' lang='lat' dir='ltr'><strong>u</strong></span> <span class='ocrx_word' id='word_1_101' title='bbox 1074 1864 1128 1915; x_wconf 88' lang='lat' dir='ltr'><strong>me</strong></span> <span class='ocrx_word' id='word_1_102' title='bbox 1148 1850 1227 1916; x_wconf 83' lang='lat' dir='ltr'><strong>tutte</strong></span> <span class='ocrx_word' id='word_1_103' title='bbox 1248 1846 1338 1916; x_wconf 84' lang='lat' dir='ltr'><strong>ultre</strong></span> <span class='ocrx_word' id='word_1_104' title='bbox 1356 1851 1452 1936; x_wconf 80' lang='lat' dir='ltr'><strong>seete,</strong></span> 
     </span>
     <span class='ocr_line' id='line_1_13' title="bbox 275 1961 1453 2057; baseline 0.003 -23"><span class='ocrx_word' id='word_1_105' title='bbox 275 1961 370 2035; x_wconf 91' lang='lat' dir='ltr'><strong>sicut</strong></span> <span class='ocrx_word' id='word_1_106' title='bbox 395 1984 670 2057; x_wconf 85' lang='lat' dir='ltr'><strong>saracenorum,</strong></span> <span class='ocrx_word' id='word_1_107' title='bbox 696 1965 931 2038; x_wconf 86' lang='lat' dir='ltr'><strong>hebraeorum</strong></span> <span class='ocrx_word' id='word_1_108' title='bbox 959 1970 1027 2036; x_wconf 90' lang='lat' dir='ltr'><strong>etc.</strong></span> <span class='ocrx_word' id='word_1_109' title='bbox 1043 1968 1138 2035; x_wconf 87' lang='lat' dir='ltr'><strong>-E</strong></span> <span class='ocrx_word' id='word_1_110' title='bbox 1156 1967 1251 2056; x_wconf 82' lang='lat' dir='ltr'><strong>prio.</strong></span> <span class='ocrx_word' id='word_1_111' title='bbox 1279 1964 1343 2038; x_wconf 89' lang='lat' dir='ltr'><strong>Hic</strong></span> <span class='ocrx_word' id='word_1_112' title='bbox 1369 1964 1453 2038; x_wconf 90' lang='lat' dir='ltr'><strong>Sta-</strong></span> 
     </span>
     <span class='ocr_line' id='line_1_14' title="bbox 277 2074 1456 2176; baseline 0.003 -23"><span class='ocrx_word' id='word_1_113' title='bbox 277 2080 349 2153; x_wconf 90' lang='lat' dir='ltr'><strong>tius</strong></span> <span class='ocrx_word' id='word_1_114' title='bbox 374 2082 530 2157; x_wconf 87' lang='lat' dir='ltr'><strong>ostendit</strong></span> <span class='ocrx_word' id='word_1_115' title='bbox 555 2083 702 2176; x_wconf 89' lang='lat' dir='ltr'><strong>quando</strong></span> <span class='ocrx_word' id='word_1_116' title='bbox 728 2084 845 2157; x_wconf 85' lang='lat' dir='ltr'><strong>iactus</strong></span> <span class='ocrx_word' id='word_1_117' title='bbox 871 2083 916 2154; x_wconf 92' lang='lat' dir='ltr'><strong>sit</strong></span> <span class='ocrx_word' id='word_1_118' title='bbox 931 2074 967 2173; x_wconf 79' lang='lat'><strong>(²)</strong></span> <span class='ocrx_word' id='word_1_119' title='bbox 994 2082 1223 2176; x_wconf 90' lang='lat' dir='ltr'><strong>christianus,</strong></span> <span class='ocrx_word' id='word_1_120' title='bbox 1250 2083 1392 2158; x_wconf 92' lang='lat' dir='ltr'><strong>dicens:</strong></span> <span class='ocrx_word' id='word_1_121' title='bbox 1421 2089 1456 2157; x_wconf 85' lang='lat' dir='ltr'><em>E</em></span> 
     </span>
     <span class='ocr_line' id='line_1_15' title="bbox 272 2194 1455 2296; baseline 0.003 -24"><span class='ocrx_word' id='word_1_122' title='bbox 272 2204 359 2294; x_wconf 83' lang='lat' dir='ltr'><strong>pria</strong></span> <span class='ocrx_word' id='word_1_123' title='bbox 383 2203 453 2274; x_wconf 87' lang='lat' dir='ltr'><strong>ebb&#39;</strong></span> <span class='ocrx_word' id='word_1_124' title='bbox 466 2207 501 2275; x_wconf 84' lang='lat' dir='ltr'><strong>io</strong></span> <span class='ocrx_word' id='word_1_125' title='bbox 527 2204 704 2294; x_wconf 76' lang='lat' dir='ltr'><strong>bellesme,</strong></span> <span class='ocrx_word' id='word_1_126' title='bbox 723 2204 781 2278; x_wconf 87' lang='lat' dir='ltr'><strong>vel</strong></span> <span class='ocrx_word' id='word_1_127' title='bbox 808 2203 965 2276; x_wconf 87' lang='lat' dir='ltr'><strong>dammis</strong></span> <span class='ocrx_word' id='word_1_128' title='bbox 982 2204 1040 2276; x_wconf 87' lang='lat' dir='ltr'><strong>vel</strong></span> <span class='ocrx_word' id='word_1_129' title='bbox 1057 2224 1165 2296; x_wconf 85' lang='lat' dir='ltr'><strong>aquae</strong></span> <span class='ocrx_word' id='word_1_130' title='bbox 1181 2194 1230 2296; x_wconf 82' lang='lat'><strong>(³),</strong></span> <span class='ocrx_word' id='word_1_131' title='bbox 1248 2205 1299 2276; x_wconf 81' lang='lat' dir='ltr'><strong>cb’</strong></span> <span class='ocrx_word' id='word_1_132' title='bbox 1311 2206 1347 2275; x_wconf 81' lang='lat' dir='ltr'><strong>io</strong></span> <span class='ocrx_word' id='word_1_133' title='bbox 1367 2224 1455 2276; x_wconf 81' lang='lat' dir='ltr'><strong>con·</strong></span> 
     </span>
     <span class='ocr_line' id='line_1_16' title="bbox 276 2323 1453 2416; baseline 0.005 -24"><span class='ocrx_word' id='word_1_134' title='bbox 276 2323 411 2393; x_wconf 75' lang='lat' dir='ltr'><strong>decessi</strong></span> <span class='ocrx_word' id='word_1_135' title='bbox 438 2325 452 2393; x_wconf 77' lang='grc' dir='ltr'><strong>ι’</strong></span> <span class='ocrx_word' id='word_1_136' title='bbox 478 2326 575 2412; x_wconf 77' lang='lat' dir='ltr'><strong>preci</strong></span> <span class='ocrx_word' id='word_1_137' title='bbox 603 2326 641 2394; x_wconf 86' lang='lat' dir='ltr'><strong>ai</strong></span> <span class='ocrx_word' id='word_1_138' title='bbox 667 2326 766 2415; x_wconf 76' lang='lat' dir='ltr'><strong>firmi</strong></span> <span class='ocrx_word' id='word_1_139' title='bbox 795 2326 833 2396; x_wconf 81' lang='lat' dir='ltr'><strong>di</strong></span> <span class='ocrx_word' id='word_1_140' title='bbox 863 2324 960 2413; x_wconf 86' lang='lat' dir='ltr'><strong>Tebe,</strong></span> <span class='ocrx_word' id='word_1_141' title='bbox 987 2327 1176 2415; x_wconf 84' lang='lat' dir='ltr'><strong>poetoudo,</strong></span> <span class='ocrx_word' id='word_1_142' title='bbox 1210 2323 1310 2416; x_wconf 89' lang='lat' dir='ltr'><strong>idest,</strong></span> <span class='ocrx_word' id='word_1_143' title='bbox 1346 2330 1453 2398; x_wconf 86' lang='lat' dir='ltr'><strong>ante-</strong></span> 
     </span>
     <span class='ocr_line' id='line_1_17' title="bbox 278 2433 1453 2538; baseline 0.004 -27"><span class='ocrx_word' id='word_1_144' title='bbox 278 2459 390 2532; x_wconf 91' lang='lat' dir='ltr'><strong>quam</strong></span> <span class='ocrx_word' id='word_1_145' title='bbox 417 2441 693 2536; x_wconf 88' lang='lat' dir='ltr'><strong>complevissem</strong></span> <span class='ocrx_word' id='word_1_146' title='bbox 721 2449 866 2516; x_wconf 83' lang='lat' dir='ltr'><strong>sextum</strong></span> <span class='ocrx_word' id='word_1_147' title='bbox 894 2444 1043 2536; x_wconf 89' lang='lat' dir='ltr'><strong>librum,</strong></span> <span class='ocrx_word' id='word_1_148' title='bbox 1064 2443 1124 2516; x_wconf 92' lang='lat' dir='ltr'><strong>ubi</strong></span> <span class='ocrx_word' id='word_1_149' title='bbox 1142 2442 1313 2538; x_wconf 90' lang='lat' dir='ltr'><strong>descripsi</strong></span> <span class='ocrx_word' id='word_1_150' title='bbox 1329 2433 1367 2534; x_wconf 74' lang='lat'><strong>(⁴)</strong></span> <span class='ocrx_word' id='word_1_151' title='bbox 1385 2443 1453 2516; x_wconf 91' lang='lat' dir='ltr'><strong>ad·</strong></span> 
     </span>
     <span class='ocr_line' id='line_1_18' title="bbox 277 2563 1452 2660; baseline 0.004 -27"><span class='ocrx_word' id='word_1_152' title='bbox 277 2566 429 2633; x_wconf 83' lang='lat' dir='ltr'><strong>ventum</strong></span> <span class='ocrx_word' id='word_1_153' title='bbox 463 2581 672 2656; x_wconf 84' lang='lat' dir='ltr'><strong>graecorum</strong></span> <span class='ocrx_word' id='word_1_154' title='bbox 705 2563 802 2636; x_wconf 91' lang='lat' dir='ltr'><strong>circa</strong></span> <span class='ocrx_word' id='word_1_155' title='bbox 832 2564 973 2637; x_wconf 90' lang='lat' dir='ltr'><strong>Thebas</strong></span> <span class='ocrx_word' id='word_1_156' title='bbox 1005 2585 1091 2637; x_wconf 91' lang='lat' dir='ltr'><strong>cum</strong></span> <span class='ocrx_word' id='word_1_157' title='bbox 1125 2570 1264 2658; x_wconf 92' lang='lat' dir='ltr'><strong>septem</strong></span> <span class='ocrx_word' id='word_1_158' title='bbox 1301 2563 1452 2660; x_wconf 84' lang='lat' dir='ltr'><strong>regibus</strong></span> 
     </span>
     <span class='ocr_line' id='line_1_19' title="bbox 276 2680 1452 2778; baseline 0.004 -25"><span class='ocrx_word' id='word_1_159' title='bbox 276 2680 362 2753; x_wconf 90' lang='lat' dir='ltr'><strong>suis.</strong></span> <span class='ocrx_word' id='word_1_160' title='bbox 381 2682 425 2753; x_wconf 88' lang='lat' dir='ltr'><strong>Et</strong></span> <span class='ocrx_word' id='word_1_161' title='bbox 442 2682 636 2756; x_wconf 88' lang='lat' dir='ltr'><strong>confitetur</strong></span> <span class='ocrx_word' id='word_1_162' title='bbox 654 2684 828 2757; x_wconf 87' lang='lat' dir='ltr'><strong>vilitatem</strong></span> <span class='ocrx_word' id='word_1_163' title='bbox 848 2704 966 2775; x_wconf 92' lang='lat' dir='ltr'><strong>suam,</strong></span> <span class='ocrx_word' id='word_1_164' title='bbox 984 2683 1125 2756; x_wconf 90' lang='lat' dir='ltr'><strong>dicens:</strong></span> <span class='ocrx_word' id='word_1_165' title='bbox 1145 2704 1204 2755; x_wconf 87' lang='lat' dir='ltr'><strong>mu</strong></span> <span class='ocrx_word' id='word_1_166' title='bbox 1218 2683 1328 2777; x_wconf 75' lang='lat' dir='ltr'><strong>su’mt&#39;,</strong></span> <span class='ocrx_word' id='word_1_167' title='bbox 1347 2684 1452 2778; x_wconf 86' lang='lat' dir='ltr'><strong>idest,</strong></span> 
     </span>
    </p>
   </div>
   <div class='ocr_carea' id='block_1_3' title="bbox 277 2800 1556 2897">
    <p class='ocr_par' dir='ltr' id='par_1_3' title="bbox 277 2800 1556 2897">
     <span class='ocr_line' id='line_1_20' title="bbox 277 2800 1556 2897; baseline 0.003 -24"><span class='ocrx_word' id='word_1_168' title='bbox 277 2801 327 2874; x_wconf 87' lang='lat' dir='ltr'><strong>ini</strong></span> <span class='ocrx_word' id='word_1_169' title='bbox 355 2802 442 2874; x_wconf 94' lang='lat' dir='ltr'><strong>mibi</strong></span> <span class='ocrx_word' id='word_1_170' title='bbox 469 2810 506 2876; x_wconf 91' lang='lat' dir='ltr'><strong>et</strong></span> <span class='ocrx_word' id='word_1_171' title='bbox 531 2803 665 2878; x_wconf 91' lang='lat' dir='ltr'><strong>damno</strong></span> <span class='ocrx_word' id='word_1_172' title='bbox 693 2824 788 2897; x_wconf 92' lang='lat' dir='ltr'><strong>meo,</strong></span> <span class='ocrx_word' id='word_1_173' title='bbox 815 2807 960 2876; x_wconf 78' lang='lat' dir='ltr'><strong>cristino</strong></span> <span class='ocrx_word' id='word_1_174' title='bbox 985 2807 1113 2895; x_wconf 80' lang='lat' dir='ltr'><strong>obtuso,</strong></span> <span class='ocrx_word' id='word_1_175' title='bbox 1144 2803 1245 2897; x_wconf 90' lang='lat' dir='ltr'><strong>idest,</strong></span> <span class='ocrx_word' id='word_1_176' title='bbox 1271 2804 1450 2896; x_wconf 90' lang='lat' dir='ltr'><strong>occultus,</strong></span> <span class='ocrx_word' id='word_1_177' title='bbox 1551 2800 1556 2805; x_wconf 77' lang='grc'><strong>’</strong></span> 
     </span>
    </p>
   </div>
   <div class='ocr_carea' id='block_1_4' title="bbox 273 2921 1455 4338">
    <p class='ocr_par' dir='ltr' id='par_1_4' title="bbox 273 2921 1455 4098">
     <span class='ocr_line' id='line_1_21' title="bbox 273 2921 1452 3016; baseline 0.001 -23"><span class='ocrx_word' id='word_1_178' title='bbox 273 2942 342 3012; x_wconf 80' lang='lat' dir='ltr'><strong>per</strong></span> <span class='ocrx_word' id='word_1_179' title='bbox 365 2943 497 3016; x_wconf 82' lang='lat' dir='ltr'><strong>paura,</strong></span> <span class='ocrx_word' id='word_1_180' title='bbox 521 2922 614 2997; x_wconf 92' lang='lat' dir='ltr'><strong>sicut</strong></span> <span class='ocrx_word' id='word_1_181' title='bbox 640 2931 676 2996; x_wconf 92' lang='lat' dir='ltr'><strong>et</strong></span> <span class='ocrx_word' id='word_1_182' title='bbox 702 2924 841 2997; x_wconf 82' lang='lat' dir='ltr'><strong>Seneca</strong></span> <span class='ocrx_word' id='word_1_183' title='bbox 867 2923 963 3016; x_wconf 90' lang='lat' dir='ltr'><strong>dicit,</strong></span> <span class='ocrx_word' id='word_1_184' title='bbox 985 2922 1082 3016; x_wconf 91' lang='lat' dir='ltr'><strong>quod</strong></span> <span class='ocrx_word' id='word_1_185' title='bbox 1105 2922 1189 2995; x_wconf 88' lang='lat' dir='ltr'><strong>talia</strong></span> <span class='ocrx_word' id='word_1_186' title='bbox 1207 2921 1349 3016; x_wconf 91' lang='lat' dir='ltr'><strong>sapiens</strong></span> <span class='ocrx_word' id='word_1_187' title='bbox 1371 2943 1452 2997; x_wconf 92' lang='lat' dir='ltr'><strong>ser-</strong></span> 
     </span>
     <span class='ocr_line' id='line_1_22' title="bbox 277 3040 1454 3138; baseline 0.003 -26"><span class='ocrx_word' id='word_1_188' title='bbox 277 3040 376 3113; x_wconf 87' lang='lat' dir='ltr'><strong>vabit</strong></span> <span class='ocrx_word' id='word_1_189' title='bbox 402 3062 475 3115; x_wconf 91' lang='lat' dir='ltr'><strong>non</strong></span> <span class='ocrx_word' id='word_1_190' title='bbox 502 3050 692 3136; x_wconf 87' lang='lat' dir='ltr'><strong>tamquam</strong></span> <span class='ocrx_word' id='word_1_191' title='bbox 719 3043 793 3116; x_wconf 89' lang='lat' dir='ltr'><strong>Diis</strong></span> <span class='ocrx_word' id='word_1_192' title='bbox 818 3049 936 3138; x_wconf 85' lang='lat' dir='ltr'><strong>grata,</strong></span> <span class='ocrx_word' id='word_1_193' title='bbox 954 3043 1018 3116; x_wconf 92' lang='lat' dir='ltr'><strong>sed</strong></span> <span class='ocrx_word' id='word_1_194' title='bbox 1036 3053 1225 3135; x_wconf 87' lang='lat' dir='ltr'><strong>tamquam</strong></span> <span class='ocrx_word' id='word_1_195' title='bbox 1244 3042 1355 3138; x_wconf 85' lang='lat' dir='ltr'><strong>vulgo</strong></span> <span class='ocrx_word' id='word_1_196' title='bbox 1374 3044 1454 3137; x_wconf 88' lang='lat' dir='ltr'><strong>pla·</strong></span> 
     </span>
     <span class='ocr_line' id='line_1_23' title="bbox 277 3160 1455 3255; baseline 0.003 -23"><span class='ocrx_word' id='word_1_197' title='bbox 277 3160 372 3252; x_wconf 83' lang='lat' dir='ltr'><strong>cita3</strong></span> <span class='ocrx_word' id='word_1_198' title='bbox 399 3160 480 3234; x_wconf 94' lang='lat' dir='ltr'><strong>ideo</strong></span> <span class='ocrx_word' id='word_1_199' title='bbox 506 3160 610 3234; x_wconf 92' lang='lat' dir='ltr'><strong>dicit:</strong></span> <span class='ocrx_word' id='word_1_200' title='bbox 637 3164 856 3252; x_wconf 77' lang='lat' dir='ltr'><strong>tonpumente</strong></span> <span class='ocrx_word' id='word_1_201' title='bbox 880 3165 1086 3234; x_wconf 81' lang='lat' dir='ltr'><strong>mostrondo</strong></span> <span class='ocrx_word' id='word_1_202' title='bbox 1108 3183 1349 3255; x_wconf 65' lang='lat' dir='ltr'><strong>poposceram,</strong></span> <span class='ocrx_word' id='word_1_203' title='bbox 1377 3170 1455 3237; x_wconf 91' lang='lat' dir='ltr'><strong>ter·</strong></span> 
     </span>
     <span class='ocr_line' id='line_1_24' title="bbox 277 3280 1452 3375; baseline 0.003 -25"><span class='ocrx_word' id='word_1_204' title='bbox 277 3298 364 3352; x_wconf 93' lang='lat' dir='ltr'><strong>rore</strong></span> <span class='ocrx_word' id='word_1_205' title='bbox 389 3280 528 3374; x_wconf 91' lang='lat' dir='ltr'><strong>mortis,</strong></span> <span class='ocrx_word' id='word_1_206' title='bbox 555 3281 641 3374; x_wconf 90' lang='lat' dir='ltr'><strong>quia</strong></span> <span class='ocrx_word' id='word_1_207' title='bbox 669 3302 742 3355; x_wconf 91' lang='lat' dir='ltr'><strong>non</strong></span> <span class='ocrx_word' id='word_1_208' title='bbox 768 3282 820 3354; x_wconf 89' lang='lat' dir='ltr'><strong>sui</strong></span> <span class='ocrx_word' id='word_1_209' title='bbox 846 3288 921 3355; x_wconf 91' lang='lat' dir='ltr'><strong>tam</strong></span> <span class='ocrx_word' id='word_1_210' title='bbox 947 3282 1080 3355; x_wconf 89' lang='lat' dir='ltr'><strong>ardens</strong></span> <span class='ocrx_word' id='word_1_211' title='bbox 1104 3282 1141 3353; x_wconf 92' lang='lat' dir='ltr'><strong>in</strong></span> <span class='ocrx_word' id='word_1_212' title='bbox 1161 3302 1290 3356; x_wconf 91' lang='lat' dir='ltr'><strong>amore</strong></span> <span class='ocrx_word' id='word_1_213' title='bbox 1303 3281 1452 3375; x_wconf 89' lang='lat' dir='ltr'><strong>Christi,</strong></span> 
     </span>
     <span class='ocr_line' id='line_1_25' title="bbox 278 3401 1453 3497; baseline 0.003 -27"><span class='ocrx_word' id='word_1_214' title='bbox 278 3406 318 3471; x_wconf 89' lang='lat' dir='ltr'><strong>ut</strong></span> <span class='ocrx_word' id='word_1_215' title='bbox 343 3407 471 3494; x_wconf 90' lang='lat' dir='ltr'><strong>sponte</strong></span> <span class='ocrx_word' id='word_1_216' title='bbox 496 3401 660 3475; x_wconf 91' lang='lat' dir='ltr'><strong>subirem</strong></span> <span class='ocrx_word' id='word_1_217' title='bbox 688 3403 918 3497; x_wconf 89' lang='lat' dir='ltr'><strong>supplicium,</strong></span> <span class='ocrx_word' id='word_1_218' title='bbox 936 3411 972 3476; x_wconf 93' lang='lat' dir='ltr'><strong>et</strong></span> <span class='ocrx_word' id='word_1_219' title='bbox 995 3402 1093 3495; x_wconf 92' lang='lat' dir='ltr'><strong>quod</strong></span> <span class='ocrx_word' id='word_1_220' title='bbox 1121 3403 1225 3496; x_wconf 92' lang='lat' dir='ltr'><strong>peius</strong></span> <span class='ocrx_word' id='word_1_221' title='bbox 1249 3409 1330 3477; x_wconf 93' lang='lat' dir='ltr'><strong>erat</strong></span> <span class='ocrx_word' id='word_1_222' title='bbox 1356 3402 1453 3476; x_wconf 90' lang='lat' dir='ltr'><strong>ludi-</strong></span> 
     </span>
     <span class='ocr_line' id='line_1_26' title="bbox 277 3519 1449 3618; baseline 0.003 -27"><span class='ocrx_word' id='word_1_223' title='bbox 277 3519 400 3592; x_wconf 92' lang='lat' dir='ltr'><strong>brium</strong></span> <span class='ocrx_word' id='word_1_224' title='bbox 415 3520 623 3594; x_wconf 85' lang='lat' dir='ltr'><strong>saevissimae</strong></span> <span class='ocrx_word' id='word_1_225' title='bbox 640 3521 756 3595; x_wconf 85' lang='lat' dir='ltr'><strong>belvae</strong></span> <span class='ocrx_word' id='word_1_226' title='bbox 774 3522 988 3615; x_wconf 73' lang='lat' dir='ltr'><strong>Domitiani,</strong></span> <span class='ocrx_word' id='word_1_227' title='bbox 1002 3522 1084 3596; x_wconf 92' lang='lat' dir='ltr'><strong>ideo</strong></span> <span class='ocrx_word' id='word_1_228' title='bbox 1102 3544 1200 3596; x_wconf 91' lang='lat' dir='ltr'><strong>nunc</strong></span> <span class='ocrx_word' id='word_1_229' title='bbox 1217 3525 1280 3596; x_wconf 92' lang='lat' dir='ltr'><strong>luo</strong></span> <span class='ocrx_word' id='word_1_230' title='bbox 1299 3542 1449 3618; x_wconf 89' lang='lat' dir='ltr'><strong>poenam</strong></span> 
     </span>
     <span class='ocr_line' id='line_1_27' title="bbox 276 3639 1449 3736; baseline 0.002 -24"><span class='ocrx_word' id='word_1_231' title='bbox 276 3639 435 3736; x_wconf 83' lang='lat' dir='ltr'><strong>dignam.</strong></span> <span class='ocrx_word' id='word_1_232' title='bbox 463 3641 565 3715; x_wconf 87' lang='lat' dir='ltr'><strong>Unde</strong></span> <span class='ocrx_word' id='word_1_233' title='bbox 597 3641 701 3715; x_wconf 92' lang='lat' dir='ltr'><strong>dicit:</strong></span> <span class='ocrx_word' id='word_1_234' title='bbox 734 3664 752 3713; x_wconf 91' lang='lat' dir='ltr'><strong>e</strong></span> <span class='ocrx_word' id='word_1_235' title='bbox 784 3649 902 3733; x_wconf 81' lang='lat' dir='ltr'><strong>questo</strong></span> <span class='ocrx_word' id='word_1_236' title='bbox 938 3645 1130 3733; x_wconf 70' lang='lat' dir='ltr'><strong>tepidezzrq</strong></span> <span class='ocrx_word' id='word_1_237' title='bbox 1163 3643 1264 3736; x_wconf 89' lang='lat' dir='ltr'><strong>idest,</strong></span> <span class='ocrx_word' id='word_1_238' title='bbox 1298 3642 1449 3734; x_wconf 89' lang='lat' dir='ltr'><strong>accidia,</strong></span> 
     </span>
     <span class='ocr_line' id='line_1_28' title="bbox 276 3762 1450 3857; baseline 0 -24"><span class='ocrx_word' id='word_1_239' title='bbox 276 3765 325 3833; x_wconf 78' lang='lat' dir='ltr'><strong>mi</strong></span> <span class='ocrx_word' id='word_1_240' title='bbox 345 3764 382 3854; x_wconf 82' lang='lat' dir='ltr'><strong>se</strong></span> <span class='ocrx_word' id='word_1_241' title='bbox 406 3766 564 3836; x_wconf 81' lang='lat' dir='ltr'><strong>cerebiur</strong></span> <span class='ocrx_word' id='word_1_242' title='bbox 589 3766 616 3835; x_wconf 83' lang='lat' dir='ltr'><strong>u</strong></span> <span class='ocrx_word' id='word_1_243' title='bbox 639 3770 766 3854; x_wconf 85' lang='lat' dir='ltr'><strong>quarto</strong></span> <span class='ocrx_word' id='word_1_244' title='bbox 792 3765 939 3853; x_wconf 79' lang='lat' dir='ltr'><strong>ceretto,</strong></span> <span class='ocrx_word' id='word_1_245' title='bbox 963 3762 1109 3855; x_wconf 84' lang='lat' dir='ltr'><strong>scilicet,</strong></span> <span class='ocrx_word' id='word_1_246' title='bbox 1129 3762 1342 3857; x_wconf 84' lang='lat' dir='ltr'><strong>purgatorii,</strong></span> <span class='ocrx_word' id='word_1_247' title='bbox 1361 3782 1450 3836; x_wconf 90' lang='lat' dir='ltr'><strong>cnr-</strong></span> 
     </span>
     <span class='ocr_line' id='line_1_29' title="bbox 277 3878 1450 3977; baseline 0.002 -25"><span class='ocrx_word' id='word_1_248' title='bbox 277 3882 392 3956; x_wconf 92' lang='lat' dir='ltr'><strong>rendo</strong></span> <span class='ocrx_word' id='word_1_249' title='bbox 418 3904 503 3957; x_wconf 93' lang='lat' dir='ltr'><strong>cum</strong></span> <span class='ocrx_word' id='word_1_250' title='bbox 537 3883 735 3977; x_wconf 90' lang='lat' dir='ltr'><strong>accidiosis,</strong></span> <span class='ocrx_word' id='word_1_251' title='bbox 762 3878 824 3976; x_wconf 70' lang='lat' dir='ltr'><strong>pici</strong></span> <span class='ocrx_word' id='word_1_252' title='bbox 854 3886 904 3956; x_wconf 86' lang='lat' dir='ltr'><strong>cb’</strong></span> <span class='ocrx_word' id='word_1_253' title='bbox 917 3886 945 3955; x_wconf 82' lang='lat' dir='ltr'><strong>it</strong></span> <span class='ocrx_word' id='word_1_254' title='bbox 974 3890 1100 3974; x_wconf 86' lang='lat' dir='ltr'><strong>quarto</strong></span> <span class='ocrx_word' id='word_1_255' title='bbox 1130 3891 1312 3973; x_wconf 84' lang='lat' dir='ltr'><strong>ceutesmo,</strong></span> <span class='ocrx_word' id='word_1_256' title='bbox 1347 3882 1450 3974; x_wconf 90' lang='lat' dir='ltr'><strong>idest,</strong></span> 
     </span>
     <span class='ocr_line' id='line_1_30' title="bbox 277 4002 836 4098; baseline 0.007 -26"><span class='ocrx_word' id='word_1_257' title='bbox 277 4002 373 4073; x_wconf 90' lang='lat' dir='ltr'><strong>ultra</strong></span> <span class='ocrx_word' id='word_1_258' title='bbox 400 4002 686 4098; x_wconf 84' lang='lat' dir='ltr'><strong>quadringentos</strong></span> <span class='ocrx_word' id='word_1_259' title='bbox 711 4024 836 4077; x_wconf 90' lang='lat' dir='ltr'><strong>anuos.</strong></span> 
     </span>
    </p>

    <p class='ocr_par' dir='ltr' id='par_1_5' title="bbox 276 4113 1450 4338">
     <span class='ocr_line' id='line_1_31' title="bbox 355 4113 1450 4218; baseline 0.004 -25"><span class='ocrx_word' id='word_1_260' title='bbox 355 4126 404 4193; x_wconf 85' lang='lat' dir='ltr'><strong>Tu</strong></span> <span class='ocrx_word' id='word_1_261' title='bbox 419 4125 566 4214; x_wconf 83' lang='lat' dir='ltr'><strong>dunque.</strong></span> <span class='ocrx_word' id='word_1_262' title='bbox 584 4123 655 4195; x_wconf 87' lang='lat' dir='ltr'><strong>Ista</strong></span> <span class='ocrx_word' id='word_1_263' title='bbox 673 4130 729 4198; x_wconf 89' lang='lat' dir='ltr'><strong>est</strong></span> <span class='ocrx_word' id='word_1_264' title='bbox 746 4124 851 4199; x_wconf 88' lang='lat' dir='ltr'><strong>tertia</strong></span> <span class='ocrx_word' id='word_1_265' title='bbox 870 4144 954 4218; x_wconf 91' lang='lat' dir='ltr'><strong>pars</strong></span> <span class='ocrx_word' id='word_1_266' title='bbox 972 4122 1130 4216; x_wconf 88' lang='lat' dir='ltr'><strong>capituli,</strong></span> <span class='ocrx_word' id='word_1_267' title='bbox 1149 4123 1186 4194; x_wconf 92' lang='lat' dir='ltr'><strong>in</strong></span> <span class='ocrx_word' id='word_1_268' title='bbox 1204 4144 1277 4217; x_wconf 88' lang='lat' dir='ltr'><strong>qua</strong></span> <span class='ocrx_word' id='word_1_269' title='bbox 1295 4127 1402 4218; x_wconf 89' lang='lat' dir='ltr'><strong>poeta</strong></span> <span class='ocrx_word' id='word_1_270' title='bbox 1413 4113 1450 4214; x_wconf 52' lang='grc' dir='ltr'><strong>(ὅ)</strong></span> 
     </span>
     <span class='ocr_line' id='line_1_32' title="bbox 276 4239 1450 4338; baseline 0.002 -25"><span class='ocrx_word' id='word_1_271' title='bbox 276 4239 430 4313; x_wconf 89' lang='lat' dir='ltr'><strong>ostendit</strong></span> <span class='ocrx_word' id='word_1_272' title='bbox 456 4242 613 4334; x_wconf 89' lang='lat' dir='ltr'><strong>qualiter</strong></span> <span class='ocrx_word' id='word_1_273' title='bbox 631 4242 766 4315; x_wconf 89' lang='lat' dir='ltr'><strong>Statius</strong></span> <span class='ocrx_word' id='word_1_274' title='bbox 785 4242 935 4335; x_wconf 90' lang='lat' dir='ltr'><strong>inquirit</strong></span> <span class='ocrx_word' id='word_1_275' title='bbox 952 4262 973 4314; x_wconf 90' lang='lat' dir='ltr'><strong>a</strong></span> <span class='ocrx_word' id='word_1_276' title='bbox 993 4242 1142 4338; x_wconf 83' lang='lat' dir='ltr'><strong>Virgilio</strong></span> <span class='ocrx_word' id='word_1_277' title='bbox 1162 4242 1209 4316; x_wconf 93' lang='lat' dir='ltr'><strong>de</strong></span> <span class='ocrx_word' id='word_1_278' title='bbox 1230 4241 1450 4336; x_wconf 91' lang='lat' dir='ltr'><strong>quibusdam</strong></span> 
     </span>
    </p>
   </div>
   <div class='ocr_carea' id='block_1_5' title="bbox 337 4467 1108 4612">
    <p class='ocr_par' dir='ltr' id='par_1_6' title="bbox 337 4467 1108 4612">
     <span class='ocr_line' id='line_1_33' title="bbox 337 4467 1087 4534; baseline 0.008 -17"><span class='ocrx_word' id='word_1_279' title='bbox 337 4467 365 4530; x_wconf 81' lang='lat'><strong>(¹)</strong></span> <span class='ocrx_word' id='word_1_280' title='bbox 383 4473 436 4528; x_wconf 82' lang='lat'><strong>117,</strong></span> <span class='ocrx_word' id='word_1_281' title='bbox 453 4471 583 4522; x_wconf 83' lang='lat' dir='ltr'><strong>Neronem</strong></span> <span class='ocrx_word' id='word_1_282' title='bbox 600 4473 777 4522; x_wconf 81' lang='lat' dir='ltr'><strong>crudelissime</strong></span> <span class='ocrx_word' id='word_1_283' title='bbox 793 4472 1000 4534; x_wconf 80' lang='lat' dir='ltr'><strong>persecutionem</strong></span> <span class='ocrx_word' id='word_1_284' title='bbox 1017 4472 1087 4523; x_wconf 83' lang='lat' dir='ltr'><strong>tecit.</strong></span> 
     </span>
     <span class='ocr_line' id='line_1_34' title="bbox 337 4543 1108 4612; baseline 0.005 -18"><span class='ocrx_word' id='word_1_285' title='bbox 337 4543 365 4603; x_wconf 83' lang='lat'><strong>(¹)</strong></span> <span class='ocrx_word' id='word_1_286' title='bbox 383 4545 412 4594; x_wconf 87' lang='lat' dir='ltr'><strong>E.</strong></span> <span class='ocrx_word' id='word_1_287' title='bbox 430 4545 512 4596; x_wconf 83' lang='lat' dir='ltr'><strong>iactus</strong></span> <span class='ocrx_word' id='word_1_288' title='bbox 528 4552 574 4597; x_wconf 85' lang='lat' dir='ltr'><strong>est.</strong></span> <span class='ocrx_word' id='word_1_289' title='bbox 883 4545 910 4608; x_wconf 83' lang='lat'><strong>(¹)</strong></span> <span class='ocrx_word' id='word_1_290' title='bbox 928 4547 958 4597; x_wconf 84' lang='lat' dir='ltr'><strong>E.</strong></span> <span class='ocrx_word' id='word_1_291' title='bbox 976 4548 1017 4598; x_wconf 87' lang='lat' dir='ltr'><strong>rei</strong></span> <span class='ocrx_word' id='word_1_292' title='bbox 1033 4562 1108 4612; x_wconf 83' lang='lat' dir='ltr'><strong>aqua.</strong></span> 
     </span>
    </p>
   </div>
   <div class='ocr_carea' id='block_1_6' title="bbox 339 4619 1291 4688">
    <p class='ocr_par' dir='ltr' id='par_1_7' title="bbox 339 4619 1291 4688">
     <span class='ocr_line' id='line_1_35' title="bbox 339 4619 1291 4688; baseline 0.003 -16"><span class='ocrx_word' id='word_1_293' title='bbox 339 4619 365 4682; x_wconf 60' lang='grc' dir='ltr'><strong>Γ)</strong></span> <span class='ocrx_word' id='word_1_294' title='bbox 381 4620 407 4671; x_wconf 83' lang='lat' dir='ltr'><strong>S.</strong></span> <span class='ocrx_word' id='word_1_295' title='bbox 424 4623 512 4686; x_wconf 82' lang='lat' dir='ltr'><strong>scripsi</strong></span> <span class='ocrx_word' id='word_1_296' title='bbox 529 4625 677 4676; x_wconf 77' lang='lat' dir='ltr'><strong>adrentum.</strong></span> <span class='ocrx_word' id='word_1_297' title='bbox 883 4622 910 4686; x_wconf 79' lang='lat'><strong>(⁸)</strong></span> <span class='ocrx_word' id='word_1_298' title='bbox 927 4624 957 4674; x_wconf 87' lang='lat' dir='ltr'><strong>E.</strong></span> <span class='ocrx_word' id='word_1_299' title='bbox 975 4631 1051 4688; x_wconf 82' lang='lat' dir='ltr'><strong>poeta</strong></span> <span class='ocrx_word' id='word_1_300' title='bbox 1067 4631 1155 4676; x_wconf 89' lang='lat' dir='ltr'><strong>noster</strong></span> <span class='ocrx_word' id='word_1_301' title='bbox 1171 4624 1291 4676; x_wconf 82' lang='lat' dir='ltr'><strong>ostendit.</strong></span> 
     </span>
    </p>
   </div>
   <div class='ocr_carea' id='block_1_7' title="bbox 0 0 1734 5602">
    <p class='ocr_par' dir='ltr' id='par_1_8' title="bbox 0 0 1734 5602">
     <span class='ocr_line' id='line_1_36' title="bbox 0 0 1734 5602; baseline 0 0"><span class='ocrx_word' id='word_1_302' title='bbox 0 0 1734 5602; x_wconf 95' lang='lat' dir='ltr'><strong> </strong></span> 
     </span>
    </p>
   </div>
  </div>
 </body>
</html>
