3458 5602
501 532 507 539 ·
605 496 745 551 CANTUS
769 498 962 551 trossulus
987 498 1128 551 rutulus.
1403 486 1447 552 15

276 644 370 717 viter
395 643 527 735 dicam,
546 641 783 736 Augustinus,
802 641 1057 736 Hieronymus,
1079 641 1244 735 Rufinus,
1261 641 1448 734 Horosius‚

275 769 312 837 et
336 761 460 836 caeteri
488 761 524 833 in
551 761 620 834 boc
646 760 878 833 concordant.
910 759 981 834 Sed
1011 761 1106 834 bene
1131 761 1251 835 diviua
1279 761 1449 834 maiestas

275 860 334 955 sic'
352 881 478 955 statuit
503 887 652 976 propter
677 887 827 974 peccata
848 880 1074 974 judaeorum,
1099 880 1185 974 quia
1217 880 1263 953 de
1295 879 1449 954 inimicis

277 1000 368 1075 meis
394 1000 590 1074 vindictam
608 999 750 1073 faciam.
765 1039 815 1053 -
833 1005 953 1072 Tanto
971 1000 1038 1073 llic
1055 999 1190 1072 Statius
1207 1000 1294 1093 quia
1311 998 1448 1072 descri-

277 1127 400 1215 pserat
426 1141 466 1194 se
491 1140 513 1194 a
539 1119 650 1193 nobili
675 1119 836 1213 scientia,
858 1119 1028 1193 describit
1044 1139 1084 1193 se
1101 1140 1123 1192 a
1141 1118 1244 1192 suavi
1271 1120 1449 1212 eloquen-

276 1239 337 1333 tia,
363 1240 505 1314 dicens:
537 1245 647 1311 Tanto
675 1243 716 1332 su
748 1241 845 1311 dolce
874 1243 943 1310 mio
975 1241 1093 1310 vocale
1116 1241 1237 1329 spirtu.
1264 1238 1329 1310 Hic
1354 1237 1449 1331 capit

276 1359 444 1455 spiritum
477 1367 587 1454 prout
608 1351 645 1449 (¹)
673 1358 840 1432 accidens
872 1357 1030 1453 syllabae,
1058 1359 1162 1451 quasi
1188 1357 1300 1432 dicat:
1335 1379 1448 1431 sonus

275 1479 376 1553 vocis
407 1498 501 1551 meae
534 1485 571 1552 et
605 1477 910 1571 pronuntiationis
940 1497 1026 1551 cum
1059 1497 1193 1572 magna
1226 1477 1448 1569 eloquentia,

276 1618 361 1692 quae
387 1603 487 1691 patet
512 1617 557 1672 ex
584 1597 756 1690 operibus
782 1597 874 1689 eius,
891 1596 938 1669 de
955 1616 1028 1689 qua
1046 1595 1131 1669 dicit
1144 1586 1181 1686 (²)
1209 1594 1393 1669 luvenalis
1411 1595 1449 1668 in

275 1717 424 1811 Satyra:
454 1720 617 1790 curritur
646 1719 697 1790 od
728 1737 845 1790 vocem
865 1718 1063 1807 jucundum
1094 1722 1127 1787 et
1158 1735 1302 1787 cumen
1326 1718 1448 1788 amico

281 1837 484 1927 Thebaidos,
509 1839 624 1908 mlum
661 1856 739 1907 cum
773 1838 855 1927 [ecit
890 1839 1018 1908 Statius
1056 1835 1187 1924 urbani,
1218 1837 1449 1925 Promtsitpue

275 1959 389 2048 dicm,·
416 1963 515 2028 tonia
544 1958 723 2029 dulcedine
751 1962 872 2046 captos
896 1957 1007 2045 Afficit
1030 1958 1085 2026 illc
1110 1957 1247 2026 animos
1271 1960 1338 2026 etc.
1369 1955 1448 2044 Cle,

276 2082 389 2149 Romu
415 2078 576 2148 trussenti
605 2079 777 2147 Totosuno
803 2096 827 2146 a
850 2097 897 2147 sc.
924 2074 1006 2147 Fuit
1027 2075 1124 2149 enim
1146 2073 1282 2147 Statius
1307 2072 1449 2167 origine

274 2195 321 2269 de
346 2196 456 2270 nobili
490 2196 632 2287 Tolosa,
663 2214 748 2288 quae
779 2200 834 2268 est
863 2194 990 2268 civitas
1023 2193 1059 2265 in
1089 2193 1276 2287 provincia
1305 2192 1448 2265 Narbo-

275 2316 391 2408 nensi,
419 2315 516 2389 unde
541 2315 639 2389 venit
665 2315 821 2388 Romam
849 2321 1015 2409 tempore
1035 2313 1255 2406 Vespasiani,
1274 2318 1311 2386 et
1328 2332 1449 2405 usque

275 2433 312 2506 lu
339 2440 507 2529 tempora
535 2433 728 2508 Domitiani
762 2433 942 2527 pervenit,
969 2432 1031 2505 ubi
1061 2431 1190 2504 enituit
1219 2431 1340 2526 fulgor
1370 2433 1447 2505 elo-

275 2554 436 2646 quentiae
461 2574 548 2627 suae.
575 2553 678 2626 Unde
702 2552 805 2626 dicit:
832 2555 920 2624 dove
936 2553 1061 2622 mertui
1077 2553 1108 2621 le
1124 2552 1244 2641 tempta
1268 2570 1382 2622 ornar
1411 2552 1449 2623 di

275 2674 390 2745 mirto.
417 2672 527 2760 Quasi
552 2672 670 2746 dicat:
705 2671 757 2744 lui
781 2675 979 2746 coronatus
1006 2668 1137 2742 merito
1169 2667 1297 2740 froude
1323 2667 1446 2762 myrti,

276 2811 360 2885 quae
386 2798 441 2866 est
466 2793 577 2866 arbor
602 2792 717 2865 calida
742 2792 913 2882 multum,
929 2789 975 2862 ad
996 2786 1248 2861 denotandum
1275 2787 1447 2861 ardorem

277 2909 410 3006 ingenii
435 2911 576 3005 poetici.
606 2911 728 2984 llultae
759 2917 884 2983 umen
913 2914 1019 2982 erant
1047 2906 1135 2980 olim
1167 2925 1315 2979 coronae
1329 2898 1365 2997 (³)
1403 2907 1450 2980 de

277 3029 411 3122 quibus
435 3029 577 3104 dicetur
602 3030 721 3124 primo
747 3028 905 3123 capitulo
931 3025 1103 3099 Paradisi.
1122 3024 1260 3098 Deinde
1276 3025 1448 3100 describit

277 3168 317 3222 se
340 3170 363 3222 a
389 3149 538 3222 nomine
562 3148 709 3243 proprio
735 3148 877 3221 dicens:
904 3150 941 3219 lu
960 3153 1060 3237 pente
1077 3166 1189 3217 oncor
1215 3149 1264 3219 mi
1288 3167 1395 3218 nomo
1413 3148 1451 3218 di

277 3254 325 3354 tt,
351 3265 498 3359 scilicet,
522 3265 559 3338 in
587 3265 723 3339 mtrudo
749 3265 972 3338 viventium:
991 3270 1029 3338 et
1054 3263 1105 3336 sic
1122 3263 1285 3356 loquitur
1302 3263 1448 3357 Statius,

278 3383 364 3476 quia
396 3384 529 3459 Dantes
561 3392 641 3459 erat
673 3384 721 3458 ibi
753 3385 882 3478 vivus,
920 3387 1049 3458 Stazio.
1077 3384 1153 3457 lloc
1179 3403 1314 3456 nomen
1343 3390 1450 3456 sonat

277 3502 462 3598 ellectum,
488 3503 574 3598 quia
600 3503 698 3577 stetit
722 3503 784 3577 diu
811 3503 977 3577 occultus
1001 3502 1219 3576 christianus
1247 3501 1283 3573 in
1311 3501 1384 3575 vita
1412 3508 1450 3574 et

278 3628 357 3717 post
384 3630 542 3698 mortem
568 3623 666 3697 stetit
690 3644 757 3718 per
781 3629 836 3696 tot
861 3623 1004 3715 secula3
1025 3628 1063 3695 et
1083 3620 1177 3694 sicut
1203 3620 1373 3715 Virgilius
1393 3620 1448 3693 di·

278 3747 357 3816 etus
382 3750 437 3816 est
462 3762 484 3814 a
510 3742 625 3838 virga,
651 3742 701 3815 ita
726 3741 860 3815 Statius
885 3741 1003 3814 dictus
1033 3746 1088 3814 est
1120 3738 1291 3811 surculus
1315 3759 1338 3811 a
1365 3759 1449 3811 sur-

279 3862 373 3955 culo,
399 3860 484 3955 quia
501 3850 538 3952 (⁸)
564 3862 659 3937 idem
690 3867 805 3935 sonat.
840 3860 977 3935 Deinde
1002 3858 1136 3932 Statius
1162 3857 1332 3931 describit
1361 3877 1449 3931 sea

278 3979 409 4076 duplici
436 3980 588 4054 materia
614 3981 660 4055 de
686 4000 760 4074 qua
785 3980 937 4074 scripsit,
963 3979 1106 4053 diceus:
1132 3980 1251 4050 canui
1279 3981 1317 4051 di
1351 3978 1449 4068 Tebe,

280 4098 381 4192 idest,
399 4099 539 4194 poetice
565 4098 737 4194 descripsi
755 4099 948 4174 materiam
969 4098 1186 4171 thebanam:
1205 4117 1290 4170 nam
1313 4094 1449 4171 Statius

281 4217 405 4291 videus
426 4218 687 4293 dissensionem
705 4238 786 4292 csse
802 4219 898 4293 iuter
914 4217 1037 4291 Titum
1055 4222 1092 4291 et
1108 4216 1355 4291 Domitianum
1375 4217 1450 4290 lra-

279 4343 353 4412 tres
377 4338 573 4433 assumpsit
598 4339 643 4412 ad
669 4338 944 4412 instructionem
971 4358 1101 4411 eorum
1125 4337 1219 4410 banc
1237 4355 1450 4409 memoran-

340 4521 368 4582 (¹l
384 4521 414 4571 B.
431 4527 509 4585 prout
524 4527 564 4572 est
579 4524 706 4573 accidens.
931 4521 959 4584 (¹)
975 4522 1005 4572 E.
1022 4522 1087 4571 dixit
1101 4520 1233 4571 luvenalis
1249 4522 1275 4570 lu
1292 4520 1383 4584 Satyra
1392 4520 1449 4571 vll.

340 4596 367 4658 Γ)
382 4597 413 4648 B.
429 4611 533 4649 corono
549 4602 665 4664 poetico,
681 4599 713 4649 dc
728 4597 830 4663 qulbus.
932 4597 959 4661 (¹)
975 4599 1006 4648 rt
1021 4597 1091 4662 quod
1106 4600 1146 4647 est
1160 4602 1188 4647 ct
1203 4601 1276 4646 sumt
1292 4596 1370 4647 idem
