3458 5602
582 489 720 544 murus
746 492 938 546 vlnusruus
962 493 1156 569 secuunps.
1406 484 1452 548 45

277 634 446 710 etriuam.
481 635 621 710 Danieli
654 641 781 710 antem
820 637 1003 732 praeelpue
1035 637 1133 712 dedit
1168 637 1380 732 sapientiam
1419 645 1455 712 et

278 754 554 852 intelligentiam
580 757 748 830 omnium
781 757 961 831 visionum
990 765 1028 831 et
1052 758 1293 853 somniorum,
1322 766 1362 831 ut
1387 761 1455 833 ha·

275 869 424 967 bebis(¹)
445 877 551 971 plene
563 874 724 949 Paradisi
742 876 803 948 llll
817 876 986 971 capitulo.
1002 877 1093 951 Dicit
1109 898 1200 973 ergo
1218 878 1330 953 bene:
1345 883 1454 952 eDu-

275 997 393 1085 niello,
419 996 595 1090 propbeta
622 1016 791 1091 magnus,
818 991 995 1088 dr'spreptd
1021 999 1109 1086 cibo,
1139 998 1273 1092 regalis
1298 1018 1452 1092 mense,

276 1122 312 1188 et
334 1108 489 1208 acquutd
513 1137 649 1207 saeue,
682 1115 783 1208 idest,
809 1116 1022 1211 sapientiam
1056 1138 1229 1212 maguam
1262 1139 1337 1210 qua
1367 1117 1453 1191 vicit

276 1255 408 1311 omnes
433 1236 613 1330 sapientes
630 1244 667 1310 et
685 1257 813 1332 magos
839 1237 998 1311 orientis.
1013 1278 1063 1289 -
1075 1241 1126 1309 Lo
1142 1241 1242 1310 secut.
1262 1238 1327 1312 llic
1343 1247 1451 1332 poeta

275 1356 426 1431 adducit
456 1357 554 1430 aliud
585 1356 797 1451 exemplum
827 1359 1000 1453 generale
1031 1357 1149 1453 gentis
1183 1356 1293 1430 unius
1322 1359 1452 1453 aetatis,

275 1499 390 1572 quam
416 1477 542 1552 dicunt
567 1477 678 1551 luisse
703 1483 882 1572 regnante
903 1478 1062 1552 Saturno
1089 1497 1177 1574 rege
1202 1479 1384 1571 Cretensi;
1412 1479 1449 1552 in

276 1618 353 1692 qua
367 1588 404 1689 (Ἴ
433 1597 598 1671 homines
619 1596 792 1671 vixerunt
808 1597 1022 1671 iunocenter
1039 1604 1076 1671 et
1092 1598 1224 1691 sobrie,
1243 1598 1321 1672 sine
1343 1599 1450 1691 bello,

274 1718 356 1793 siue
381 1717 475 1811 cibo,
496 1722 532 1792 et
557 1724 647 1813 potu
673 1716 909 1791 artificialiter
926 1725 1141 1811 preparato.
1161 1717 1253 1790 Dicit
1273 1738 1381 1813 ergo:
1401 1721 1451 1789 Lo

274 1841 371 1912 secut
390 1840 507 1930 primo
533 1846 663 1935 quanto
688 1858 755 1910 oro
776 1840 818 1930 su
843 1838 955 1930 betlo;
980 1844 1148 1930 tempore
1176 1836 1335 1930 Saturni,
1363 1859 1447 1911 nam

276 1959 336 2031 illa
363 1948 503 2051 aetas(³l
529 1964 660 2032 vocata
685 1964 741 2032 est
765 1976 881 2030 aurea
906 1962 1055 2051 propter
1080 1957 1277 2051 puritatem
1305 1965 1342 2031 et
1367 1978 1452 2051 per-

277 2077 483 2171 lectionem,
510 2085 548 2152 et
574 2079 646 2151 tale
673 2079 839 2152 seculum
866 2077 934 2150 luit
958 2077 1037 2151 siue
1061 2077 1147 2172 gula
1169 2077 1229 2151 vel
1254 2077 1450 2167 ebrietate3

275 2198 376 2272 unde
400 2197 507 2272 dicit:
528 2203 563 2291 se
587 2219 757 2271 saporose
782 2218 846 2270 con
869 2200 966 2290 sume
991 2201 1022 2270 le
1045 2199 1209 2287 plicante,
1232 2197 1318 2290 quia
1336 2196 1450 2269 sames

275 2317 386 2394 debet
420 2319 582 2392 excitare
607 2325 759 2413 gustum
790 2338 863 2391 non
895 2337 1064 2412 sapores,
1091 2324 1129 2391 et
1157 2316 1321 2390 similiter
1354 2316 1448 2409 lecit,

275 2440 362 2528 opat
386 2441 546 2528 ruscelto,
573 2437 675 2529 idest,
703 2437 863 2510 rivulum
891 2457 999 2530 aquae
1025 2457 1139 2531 purae,
1175 2429 1319 2526 littore,
1347 2435 1449 2529 idest,

275 2557 391 2631 rideri
414 2557 560 2631 dulcem
587 2563 623 2631 et
648 2556 814 2651 sapidum
834 2577 938 2630 more
957 2557 1123 2630 nectaris.
1141 2556 1273 2630 Nectar
1290 2555 1388 2629 euim
1400 2543 1450 2648 (⁸),

274 2676 379 2768 idest,
405 2678 579 2769 mulsum,
606 2677 752 2769 scilicet,
770 2678 943 2771 poculum
972 2678 1107 2751 lactum
1127 2697 1172 2750 ex
1194 2677 1277 2750 vino
1303 2681 1340 2749 et
1364 2697 1449 2749 aro-

275 2796 446 2888 matibus,
481 2817 547 2868 con
571 2804 652 2888 sete,
686 2795 872 2889 quianon
898 2796 1152 2889 comedebant,
1179 2816 1252 2869 uon
1278 2795 1449 2868 bibebant

277 2914 343 2988 nisi
369 2914 609 2989 famescentes
634 2920 671 2988 et
695 2914 857 2989 sitientes
884 2915 974 2987 bora
1002 2915 1125 3007 tarda;
1153 2914 1233 2987 ideo
1251 2914 1344 2986 bene
1365 2913 1451 2986 dicit

276 3035 415 3110 Seneca
441 3034 540 3128 quod
566 3042 654 3107 aetas
679 3054 795 3108 aurea
812 3035 882 3107 sub
899 3033 1058 3107 Saturno
1084 3033 1150 3106 luit
1172 3039 1342 3107 contenta
1369 3052 1450 3105 mo-

276 3156 355 3230 dico
381 3162 418 3231 et
443 3154 593 3250 simplici
626 3154 724 3228 victu
758 3175 830 3228 non
866 3154 974 3250 longo
1008 3153 1134 3227 labore
1166 3152 1329 3247 quaesito,
1357 3153 1450 3225 sicul

276 3275 467 3372 glandibus
492 3282 529 3348 et
554 3295 662 3368 aqua.
681 3274 725 3346 Et
747 3273 804 3347 bic
823 3279 907 3347 nota
926 3274 1024 3366 quod
1042 3272 1284 3367 appellatione
1308 3270 1449 3366 glandis

277 3417 405 3471 omnes
430 3396 573 3468 fructus
598 3395 842 3488 continentur,
874 3401 915 3467 ut
946 3393 1030 3467 dicit
1060 3394 1117 3467 lex
1149 3392 1271 3466 civilis.
1298 3392 1351 3464 De
1382 3390 1448 3462 ista

278 3524 384 3591 aetate
409 3516 550 3590 dicetur
575 3514 716 3609 plenius
743 3515 836 3588 inira
862 3515 1020 3609 capitulo
1038 3509 1364 3586 xxviii-Mete.
1384 3511 1448 3584 Hic

280 3638 406 3711 ultimo
431 3642 539 3732 poeta
563 3636 711 3709 adducit
736 3634 834 3710 aliud
856 3634 1066 3729 exemplum
1092 3632 1218 3728 rigidae
1243 3629 1448 3705 sobrietatis

278 3756 322 3832 de
346 3778 387 3831 se
413 3756 566 3830 clarum.
593 3756 684 3827 Nam
718 3753 1000 3850 gloriosissimus
1016 3745 1052 3844 (⁵)
1084 3753 1241 3826 loannes
1275 3750 1382 3823 melle
1413 3756 1449 3822 et

280 3877 417 3952 locusta
443 3876 577 3972 legitur
599 3875 776 3949 educatus
797 3873 833 3946 iu
851 3874 972 3970 sylvis.
991 3873 1084 3946 Dicit
1100 3892 1190 3967 ergo
1216 3870 1327 3944 bene:
1347 3861 1449 3960 tiele,

280 3996 397 4091 liquor
424 3995 540 4069 dulcis
566 3996 705 4069 lruclus
735 4016 846 4090 apum
879 3993 1110 4084 sobriarum3
1141 3991 1210 4083 vel,
1244 3990 1447 4063 secundum

278 4117 387 4190 allos:
416 4120 512 4207 orele,
532 4116 632 4209 idest,
653 4117 748 4189 mala
775 4114 976 4211 sylvestria,
999 4135 1018 4185 e
1043 4112 1369 4205 locuste310custae,
1391 4132 1448 4186 se·

280 4236 439 4310 cundum
462 4236 762 4331 Chrysostomum
791 4236 940 4331 lugaces
966 4233 1127 4330 figurant
1152 4253 1229 4326 uos,
1256 4232 1318 4326 qui
1345 4233 1447 4325 quasi

339 4458 367 4520 ι’)
385 4459 415 4509 lt.
433 4460 551 4509 babetur.
811 4456 839 4519 (¹)
856 4457 886 4506 E.
903 4458 929 4506 iu
945 4471 996 4519 qua
1013 4460 1088 4505 aetato
1104 4456 1230 4504 homines.

339 4534 366 4596 (¹1
384 4539 437 4593 ll‘l,
455 4535 538 4597 prima
553 4539 624 4586 artae
811 4533 838 4595 (⁸)
858 4533 885 4583 E.
902 4533 972 4582 euim
989 4532 1057 4581 idem
1074 4531 1197 4594 estquod
1214 4529 1338 4579 mulsum.

340 4612 369 4673 ι’)
384 4612 415 4662 ll.
431 4612 559 4676 gloriosus
574 4612 685 4663 lomnes
700 4611 812 4674 Baptista
828 4609 908 4659 mella
923 4615 949 4658 et
965 4609 1072 4658 locustis
1087 4609 1180 4659 dicitur
1197 4607 1329 4657 educatus.
