3458 5602
285 481 330 549 18
643 495 846 549 cumcun
871 494 1090 548 ruaelroau

278 641 342 715 sed
368 639 479 713 etiam
506 638 542 711 in
567 638 748 730 omnibus,
777 644 818 710 ut
850 658 922 711 uon
955 637 1140 712 immerito
1171 640 1217 712 sit
1248 641 1450 735 appellatus

276 760 383 835 simia
409 758 558 856 Virgilii.
586 759 630 832 Et
654 757 837 832 concludit
853 756 989 829 Statius
1007 756 1288 831 immensitatem
1310 760 1449 834 amoris

276 901 389 975 quem
416 880 543 954 habuit
573 897 720 971 semper
751 876 798 950 ad
823 874 1027 972 Virgilium,
1052 874 1194 950 dicens:
1222 899 1241 949 e
1264 882 1447 951 assonaret

275 1022 323 1073 un
347 1003 432 1090 sote,
458 999 560 1090 idest,
587 1017 704 1070 unum
722 1017 862 1070 annum
889 994 1060 1086 solarem,
1076 991 1140 1087 piri
1157 999 1207 1068 cb'
1220 1000 1255 1068 io
1272 1018 1344 1071 aon
1361 1001 1448 1089 deg-

274 1124 348 1212 pio,
382 1120 576 1213 plusquam
602 1117 756 1191 debeam
777 1116 888 1211 justae
913 1135 1033 1209 poenae
1064 1135 1170 1209 meae,
1196 1120 1235 1188 nt
1258 1121 1327 1190 mio
1352 1122 1447 1190 nscir

276 1243 313 1314 dt
337 1241 468 1328 bando,
496 1237 599 1330 idest,
626 1236 672 1309 de
697 1235 805 1309 exilio
831 1233 1044 1330 purgatorii,
1073 1256 1140 1327 per
1164 1256 1258 1308 esser
1275 1240 1389 1310 mcum
1408 1239 1449 1310 di

275 1350 326 1451 ld,
351 1358 498 1450 scilicet,
525 1356 561 1429 in
588 1354 727 1427 mundo
751 1354 854 1427 istius
877 1352 1041 1446 viventis,
1061 1357 1203 1444 quondo
1220 1358 1309 1427 cisse
1334 1359 1449 1447 Virgi-

276 1480 345 1571 tio;
372 1477 476 1571 quasi
496 1476 593 1549 dicat
613 1475 768 1548 Statius:
786 1492 856 1568 ego
874 1472 1005 1546 vellem
1024 1472 1070 1546 de
1087 1479 1193 1566 pacto
1212 1480 1310 1548 stare
1326 1476 1446 1549 adbuc

276 1615 507 1691 perannum
535 1594 571 1667 in
597 1592 822 1690 purgatorio,
849 1599 887 1665 et
920 1591 1029 1664 luisse
1061 1590 1123 1664 illo
1154 1598 1320 1687 tempore
1352 1594 1445 1668 ielici

274 1719 343 1792 sub
369 1715 547 1812 Augusto,
574 1734 649 1808 quo
664 1710 701 1805 (¹)
727 1711 859 1786 claruit
884 1710 1064 1806 Virgilius.

357 1840 484 1910 Votser.
503 1837 575 1909 lsta
595 1840 651 1908 est
668 1839 801 1927 quarta
822 1837 859 1904 et
886 1829 1013 1903 ultima
1035 1851 1120 1924 pars
1139 1831 1298 1926 capituli,
1318 1832 1353 1905 in
1373 1855 1448 1928 qua

274 1963 381 2052 poeta
420 1954 577 2029 ostendit
610 1951 768 2045 qualiter
807 1950 883 2043 ipse
918 1948 1162 2023 manifestavit
1179 1942 1217 2042 (²)
1258 1952 1446 2048 Virgilium

276 2075 402 2168 Statio,
428 2074 492 2168 qui
517 2079 592 2144 tam
621 2071 737 2143 multa
756 2068 962 2142 contulerat
984 2088 1070 2140 cum
1090 2069 1238 2164 Virgilio
1252 2060 1290 2160 (³)
1307 2071 1354 2144 de
1371 2072 1449 2166 ipso

277 2195 427 2291 Virgilio
452 2213 525 2266 non
551 2209 775 2286 cognoscens
796 2208 895 2261 eum.
913 2187 958 2259 Et
975 2186 1094 2281 primo
1115 2188 1270 2262 ostendit
1292 2190 1449 2282 qualiter

277 2313 448 2409 Virgilius
474 2308 688 2405 imposuerit
701 2296 738 2399 (⁸)
766 2307 832 2380 sibi
849 2306 1046 2397 silentium,
1064 2306 1127 2379 sed
1145 2306 1221 2400 ipse
1241 2328 1314 2381 non
1331 2309 1449 2403 potuit

276 2431 467 2507 continere
492 2450 532 2503 se
557 2448 579 2502 a
606 2428 693 2501 risu.
726 2426 770 2498 Et
798 2425 845 2499 ad
877 2425 1133 2499 declarandam
1164 2425 1270 2499 istam
1304 2427 1447 2500 literam

277 2553 409 2627 lortem
437 2556 493 2625 est
517 2549 637 2643 primo
670 2545 885 2637 notandum,
912 2544 1010 2638 quod
1041 2545 1233 2640 appetitus,
1266 2545 1358 2620 alius
1393 2553 1449 2621 est

275 2671 527 2762 intellectivus,
553 2667 647 2741 alius
671 2665 883 2740 sensitivus:
906 2670 943 2737 et
968 2663 1171 2757 sensitivus,
1190 2664 1281 2737 alius
1303 2672 1358 2739 est
1375 2665 1445 2738 ira·

276 2790 419 2883 scibilis,
440 2789 534 2863 alius
550 2783 856 2879 concupiscibilis:
876 2787 913 2857 et
929 2783 981 2855 sic
997 2783 1187 2878 gaudium,
1207 2783 1304 2875 quod
1325 2790 1450 2857 osten-

275 2901 425 3001 diturl⁵l
452 2929 518 3003 per
544 2907 659 2980 risum
693 2903 855 2998 procedit
884 2903 932 2976 ab
963 2902 1124 2995 appetitu
1155 2903 1449 2998 concupiscibili3

276 3036 313 3104 et
339 3029 505 3122 planctus
530 3027 593 3118 qni
621 3031 792 3098 movetur
818 3043 883 3116 per
909 3022 1080 3094 iniuriam
1112 3023 1276 3115 procedit
1299 3025 1347 3097 ab
1373 3023 1449 3097 ira·

275 3146 407 3221 scibili:
435 3152 471 3219 et
496 3143 607 3218 ambo
633 3142 689 3215 isti
715 3141 895 3235 appetitus
912 3147 998 3213 sunt
1018 3140 1064 3214 de
1084 3143 1243 3235 potentia
1265 3143 1448 3236 sensitiva,

275 3272 314 3340 et
337 3266 431 3338 alter
456 3263 623 3357 sequitur
648 3261 818 3333 alterum.
846 3259 889 3332 ut
914 3259 1095 3352 appetitus
1116 3259 1357 3334 intellectivns
1382 3260 1447 3354 qui

276 3390 331 3458 est
357 3382 539 3474 voluntas,
556 3387 594 3455 et
613 3401 680 3475 per
705 3398 816 3473 quem
836 3378 1028 3474 regulatur
1040 3379 1221 3473 appetitus
1241 3380 1448 3474 sensitivus,

276 3523 349 3576 non
375 3520 521 3594 semper
545 3507 601 3573 est
625 3507 753 3594 potens
780 3518 889 3591 supra
907 3497 1135 3591 sensitivum,
1153 3499 1239 3592 quia
1258 3519 1329 3573 non
1348 3519 1448 3573 sem-

275 3641 342 3716 per
368 3619 547 3694 irascibile
572 3626 609 3691 et
634 3616 912 3711 concupiscibile
929 3616 1050 3689 obedit
1072 3617 1216 3711 rationi,
1234 3617 1310 3692 sive
1336 3618 1448 3692 ratio-

277 3741 350 3814 nali
376 3739 565 3830 voluntati,
585 3759 668 3831 quae
689 3744 743 3811 est
763 3757 871 3808 suurn
893 3735 1171 3809 fundamentum
1196 3736 1231 3809 in
1250 3736 1448 3811 intellectu.

276 3859 321 3932 Et
338 3860 407 3932 boc
424 3856 595 3951 estquod
615 3857 692 3930 vult
709 3855 831 3929 dicere
849 3855 953 3928 litera
971 3854 1028 3928 bic
1046 3855 1193 3948 quando
1206 3862 1313 3949 poeta
1326 3863 1449 3930 osten-

276 3977 327 4051 dit
353 3977 451 4070 quod
477 3985 606 4051 contra
632 3976 725 4050 velle
751 3975 899 4070 Virgilii,
925 3974 1017 4048 idest
1046 3975 1206 4068 rationis,
1234 3977 1449 4050 sensualitas

276 4115 345 4168 sua
372 4094 467 4167 risit:
494 4101 531 4168 et
550 4094 634 4168 dicit
652 4093 750 4186 quod
768 4093 913 4166 imitans
932 4100 1102 4166 naturam
1124 4094 1327 4167 secundum
1345 4115 1450 4168 com-

276 4212 483 4308 plexionem
511 4211 729 4304 naturalem,
756 4212 937 4304 appetitus
963 4211 1156 4285 sensitivus
1179 4212 1301 4286 minus
1326 4213 1448 4289 obedit

277 4357 430 4368 ’.-

337 4437 365 4500 ί“)
382 4440 436 4497 ¹¹⁷2
452 4437 564 4500 quando.
1042 4437 1071 4498 (¹)
1088 4442 1142 4499 ill,
1159 4437 1370 4488 manifestaverit.

337 4511 365 4573 (⁸)
381 4512 412 4562 ll.
429 4526 491 4562 cum
508 4513 618 4576 Virgilio
634 4527 685 4563 non
703 4525 860 4576 cognoscens
875 4526 944 4562 enm.
1043 4512 1071 4575 (⁸)
1087 4514 1117 4564 E.
1134 4513 1265 4576 imposuit.

338 4585 367 4650 (¹)
383 4586 413 4637 E.
430 4588 573 4638 ostenditur
589 4588 693 4651 quando
709 4588 817 4649 ridetur,
834 4587 900 4637 idest
915 4599 962 4651 per
979 4588 1069 4637 risum.
