3458 5602
480 462 619 517 caurus
644 465 834 520 vrnnsmns
859 465 1001 520 rnrnus.
1305 453 1326 519 t

158 627 274 680 unum
301 608 421 680 solum
448 607 654 702 prodigum,
673 609 760 702 quia
785 609 888 682 avari
913 615 999 681 sunt
1024 608 1163 701 infiniti,
1182 616 1218 684 et
1238 630 1328 703 pro·

155 726 228 823 digi
261 727 347 821 rari,
378 732 416 801 et
447 733 534 799 sunt
567 727 683 822 magis
715 727 815 801 clari.
855 728 947 801 Dicit
980 748 1093 823 ergo:
1128 751 1147 800 e
1185 732 1328 820 Virgilio

154 840 264 920 rende*
286 849 335 919 lui
358 849 386 918 il
408 866 517 918 cereno
542 848 630 918 cb'u
655 839 708 918 od
737 850 769 919 si
800 851 964 940 consuce;
995 847 1080 940 quia
1110 847 1188 941 pari
1220 866 1328 920 reve·

157 966 274 1040 rentia
300 965 485 1041 inclinavit
509 972 618 1059 caput
644 966 704 1060 illi,
731 973 768 1041 et
794 967 1006 1041 resalutavit
1021 960 1057 1057 (¹)
1084 967 1197 1039 illum.
1227 967 1327 1040 Unde

158 1086 261 1159 dicit:
286 1089 348 1177 poi
372 1078 553 1176 omioni),
582 1086 722 1179 supple,
748 1085 888 1160 dicere:
916 1089 953 1158 ia
979 1107 1101 1158 verace
1124 1093 1232 1177 corte,
1257 1086 1328 1159 sci-

156 1205 239 1279 lieet
264 1204 397 1298 divina,
423 1204 462 1279 in
486 1226 561 1299 qua
587 1226 659 1279 non
688 1211 816 1301 regnat
841 1206 984 1300 invidia,
1007 1226 1080 1279 uon
1111 1208 1207 1280 valet
1232 1207 1326 1279 adu·

156 1324 253 1418 latio,
280 1327 341 1397 cbe
366 1345 420 1396 me
439 1327 567 1416 η’ἱερα,
585 1325 686 1418 idest,
704 1325 873 1419 confluat,
891 1328 970 1398 nelt'
983 1333 1100 1398 eterno
1125 1328 1234 1417 esitio,
1259 1326 1329 1399 sci·

157 1444 251 1536 licet,
277 1443 315 1516 in
341 1443 453 1516 limbo
479 1443 621 1536 inlerni,
640 1443 702 1517 ubi
723 1465 805 1517 sum
833 1447 919 1518 exul
945 1445 1166 1519 aeternaliter
1183 1466 1206 1518 a
1224 1444 1328 1519 curia

156 1562 250 1635 illius
277 1562 385 1658 regis,
412 1565 579 1654 tipoupu
603 1567 763 1654 topace,
789 1584 901 1656 quam
934 1563 1103 1637 nuntiasti
1132 1564 1246 1658 nobis,
1273 1567 1330 1636 nel

157 1681 256 1754 boto
281 1684 439 1771 cointio,
464 1680 566 1775 idest,
586 1683 621 1753 in
639 1682 856 1756 concistorio
877 1683 1083 1756 beatorum.
1102 1683 1146 1755 Et
1163 1684 1214 1756 sic
1234 1684 1327 1775 vide,

159 1799 346 1894 quomodo
364 1800 535 1896 Virgilius
552 1808 673 1895 captat
689 1800 982 1875 benevolentiam
1000 1801 1157 1894 optando
1176 1802 1223 1873 illi
1242 1801 1329 1874 illud

157 1920 296 1994 moram
315 1920 412 2014 quod
431 1940 498 2015 pro
515 1940 556 1994 se
573 1940 777 2014 numquam
796 1926 1122 2015 sperat-Come!
1139 1922 1202 1995 llic
1222 1929 1328 2015 poeta

158 2038 257 2134 ponit
283 2038 492 2133 petitionem
525 2060 637 2133 qnam
664 2039 748 2113 lecit
772 2039 908 2113 Statius
930 2060 975 2113 er
1001 2039 1254 2133 admiratione,
1273 2040 1329 2112 di-

158 2179 263 2233 cens:
289 2161 462 2249 diss’epti,
479 2158 624 2252 scilicet,
644 2159 779 2232 Statius
791 2151 848 2250 (Ἲς
880 2163 1004 2231 comet
1022 2159 1124 2253 idest,
1142 2159 1329 2253 quomodo
1360 2240 1362 2246 ¹

158 2287 214 2354 ost
237 2278 334 2352 istud
359 2278 495 2352 iactum
523 2278 701 2371 mirabile,
726 2301 763 2350 se
788 2282 846 2351 noi
865 2283 946 2351 stete
965 2280 1085 2352 umbre
1106 2282 1166 2352 ebe
1192 2282 1262 2352 Dio
1288 2298 1330 2351 su

157 2420 229 2473 oon
254 2401 370 2490 moui,
389 2397 490 2491 idest,
509 2418 601 2489 quas
617 2397 715 2471 Deus
732 2419 805 2472 non
827 2399 935 2472 iaciat
960 2399 1087 2494 dignas
1112 2400 1327 2473 ascensione

158 2537 329 2613 superna,
350 2517 444 2591 sicut
469 2524 509 2590 tu
535 2517 623 2591 dicis
643 2517 740 2610 quod
760 2518 934 2614 relegaris
952 2517 988 2591 in
1015 2518 1150 2612 interis,
1163 2521 1217 2592 rbi
1243 2522 1328 2592 v'bu

158 2646 256 2712 tuoto
280 2645 405 2727 scurie,
427 2638 506 2732 jam
532 2658 599 2732 per
624 2643 677 2710 tot
701 2638 848 2732 gradus,
866 2659 933 2730 per
950 2641 987 2710 la
1005 2659 1070 2709 sua
1086 2641 1198 2727 scuta,
1225 2639 1328 2731 idest,

159 2778 225 2853 per
252 2764 416 2831 montem
447 2755 649 2852 purgatorii
674 2756 738 2849 qni
768 2756 868 2830 ducit
897 2755 944 2829 ad
977 2756 1141 2829 coeluml
1166 2755 1210 2827 Et
1244 2754 1328 2829 lacit

162 2896 273 2950 unam
291 2875 548 2970 parenthesim,
567 2874 708 2948 dicens:
730 2878 759 2966 (e
772 2881 876 2966 purte
892 2876 1072 2946 andanem
1086 2877 1202 2968 sorte),
1225 2875 1328 2968 idest,

159 3004 198 3072 ct
221 2996 367 3070 interim
386 2995 530 3069 ibamus
547 2993 734 3088 velociter,
752 3014 819 3068 nec
836 2994 1072 3068 tardabamus
1090 2994 1158 3067 illis
1177 2996 1330 3087 loquen-

160 3117 268 3209 tibus,
294 3115 343 3189 ita
377 3114 476 3209 quod
506 3114 563 3188 bic
597 3123 701 3206 porte
730 3135 803 3188 non
833 3114 980 3188 denotat
1018 3114 1234 3210 portionem,
1262 3136 1331 3190 nec

161 3242 217 3310 cst
243 3255 389 3328 nomen,
416 3235 491 3308 imo
519 3234 749 3327 adverbium,
780 3241 816 3308 et
846 3242 989 3308 tantum
1021 3235 1117 3309 valet
1147 3243 1329 3328 qnantum

160 3354 198 3428 in
222 3354 292 3429 isto
318 3354 450 3447 medio,
476 3361 514 3428 et
538 3360 593 3428 est
619 3353 773 3448 vulgare
799 3354 1044 3427 florentinum.
1064 3355 1107 3426 Et
1127 3354 1248 3428 subdit
1270 3375 1332 3430 re·

160 3474 392 3569 sponsionem
420 3473 556 3569 Virgilii
582 3473 628 3546 ad
654 3473 809 3546 Statium
835 3473 977 3547 dicens:
1008 3477 1077 3547 e'l
1100 3477 1216 3547 duitor
1247 3478 1330 3567 mio,

161 3594 307 3687 scilicet,
334 3592 505 3689 Virgilius
529 3592 642 3665 dixit:
668 3614 705 3665 se
737 3600 773 3665 tu
804 3595 969 3683 menardi
997 3596 1011 3665 i
1039 3598 1151 3685 sepul,
1184 3595 1331 3687 scilicet,

163 3715 190 3787 P
209 3713 314 3810 nigra
327 3702 376 3806 (⁸),
395 3715 454 3786 cte
469 3714 578 3805 questi
590 3719 712 3803 portu,
730 3711 875 3805 scilicet,
893 3711 961 3786 iste
978 3719 1085 3806 poeta
1103 3733 1220 3786 novus
1236 3714 1333 3808 gerit

163 3832 200 3906 in
224 3833 355 3926 ironte,
381 3854 400 3905 e
424 3835 483 3905 ebe
507 3834 649 3922 inope!
666 3833 813 3925 profita,
838 3831 941 3924 idest,
967 3851 1051 3924 quae
1081 3831 1182 3927 signa
1217 3852 1333 3929 ange·

164 3954 221 4027 lus
244 3952 414 4027 describit
440 3973 526 4027 cum
552 3972 640 4027 ense
665 3951 865 4045 unicuique
890 3950 1038 4026 intranti
1064 3952 1333 4048 purgatorium,

163 4092 323 4166 quorum
352 4077 511 4165 quatuor
532 4071 610 4166 jam
637 4071 783 4164 delevit,
800 4078 838 4144 et
864 4071 932 4144 tria
958 4071 1077 4146 adbuc
1104 4078 1242 4147 restant
1266 4074 1333 4149 de·

164 4191 280 4284 lenda,
306 4192 369 4263 ben
395 4193 519 4264 vedrae·
542 4193 602 4264 cbe
627 4194 771 4264 ceneten
794 4190 886 4263 cb'e’
902 4194 1005 4282 repul
1022 4194 1077 4264 coi
1095 4193 1212 4283 buoni,
1229 4192 1331 4286 idest,

164 4309 262 4404 quud
285 4310 332 4383 sit
356 4309 403 4384 de
427 4330 584 4384 numero
616 4309 890 4404 salvandorum,
917 4311 1000 4385 licet
1027 4330 1098 4406 ego
1128 4310 1197 4383 sim
1227 4311 1333 4384 dam-

225 4570 254 4632 l¹>
269 4575 324 4630 ¹1⁷,
338 4571 466 4623 ululavit.
587 4571 615 4635 (Ἴ
631 4575 686 4632 117.
702 4570 748 4621 illc
764 4571 868 4622 sorim.
992 4571 1019 4633 fl
1035 4575 1082 4623 117
1097 4584 1113 4622 e
1129 4572 1160 4622 Ε.
1176 4584 1235 4635 pm
1250 4571 1332 4636 nigra.
