3458 5602
285 474 330 539 16
645 482 848 538 conumuu
873 483 1092 538 runcanonu
1188 460 1191 464 ’

281 632 368 705 dam
394 628 581 703 historiam
609 628 769 703 duorum
802 628 960 702 fratrum
990 627 1279 723 describendam,
1305 629 1352 703 de
1380 650 1453 723 qua

281 748 397 822 multa
423 749 517 824 dicta
543 749 690 820 suntin
715 747 860 821 lnleruo
878 753 914 821 et
931 746 1098 821 dicentur
1124 747 1159 818 in
1186 747 1254 822 isto
1273 750 1453 844 Purgato-

281 869 347 942 rio.
362 868 406 941 ut
420 867 534 963 tangit
551 867 751 941 secundam
771 866 958 940 historiam
977 867 1115 940 dicens:
1134 870 1229 959 epoi
1244 871 1303 941 del
1315 870 1454 960 prande

280 989 422 1077 Achille,
448 986 534 1081 quia
559 986 691 1061 deinde
716 986 798 1060 iecit
824 986 958 1060 librum
991 986 1184 1078 minorem,
1212 985 1249 1059 in
1276 1007 1350 1080 quo
1378 994 1453 1061 tra-

280 1107 391 1180 ctavit
416 1106 462 1180 de
481 1105 707 1201 juvenilibus
731 1105 842 1200 gestis
862 1104 1017 1198 Achillis,
1036 1104 1082 1178 de
1103 1105 1235 1198 quihus
1248 1106 1326 1200 jam
1345 1105 1452 1200 plene

280 1227 405 1321 scripsi
432 1226 635 1322 Purgatorii
653 1226 701 1298 lll
719 1227 888 1320 capitulo.
908 1226 951 1298 Et
968 1224 1105 1299 subdit:
1132 1246 1193 1297 ma
1212 1229 1317 1300 ceddi
1335 1230 1372 1299 in
1394 1231 1452 1300 oin
1540 1258 1545 1265 ·

279 1367 345 1419 con
379 1350 415 1419 la
448 1349 599 1419 secmtda
627 1367 737 1419 soma.
771 1346 815 1418 Et
846 1345 905 1420 hic
935 1351 1033 1438 nota,
1061 1345 1186 1438 lector,
1220 1346 1317 1439 quod
1353 1346 1451 1436 circa

279 1463 386 1538 istam
413 1464 556 1539 literam
584 1465 688 1537 multi
715 1464 831 1539 multa
856 1463 1040 1556 dixerunt,
1074 1462 1133 1536 alii
1159 1484 1224 1557 pro
1249 1470 1357 1558 poeta
1384 1485 1451 1539 no-

278 1589 367 1675 stro,
392 1583 451 1656 alii
477 1584 742 1657 calumniantes
767 1582 863 1656 istud
888 1582 1038 1675 dictum,
1076 1581 1163 1676 quia
1195 1581 1320 1656 dicunt
1349 1582 1449 1676 quod

278 1702 414 1776 Statius
439 1724 512 1777 nou
538 1711 593 1779 est
619 1710 789 1778 mortuus
814 1703 974 1778 secundo
998 1702 1089 1776 libro
1110 1703 1333 1798 imperfecto.
1356 1704 1446 1790 Qui-

278 1822 348 1898 bus
374 1823 666 1917 respondendum
693 1832 747 1899 est
772 1823 935 1898 breviter
959 1829 996 1896 et
1021 1823 1132 1916 clare,
1150 1823 1248 1916 quod
1274 1839 1362 1897 vere
1388 1843 1448 1897 se-

280 1941 443 2015 cundum
470 1962 562 2035 opus
579 1949 634 2016 est
650 1943 888 2036 completum,
906 1961 973 2015 nec
997 1941 1132 2016 Dentes
1149 1944 1219 2015 hoc
1238 1948 1366 2038 negat:
1385 1941 1449 2016 sed

280 2060 360 2134 vult
384 2060 519 2153 dicere,
544 2061 642 2154 quod
668 2062 795 2136 cecidit
820 2082 907 2136 cum
933 2061 1093 2136 secunda
1118 2062 1245 2154 salma,
1273 2062 1360 2156 quia
1384 2062 1450 2137 de-

279 2179 389 2253 behat
413 2179 538 2253 subire
564 2180 709 2253 tertiam
731 2180 931 2272 historiam,
952 2180 1097 2272 scilicet,
1114 2189 1217 2277 gesta
1238 2181 1446 2274 Domitiani,

279 2298 374 2371 sicut
410 2298 486 2391 ipse
524 2304 746 2391 protestatur
784 2299 819 2372 in
858 2300 1047 2392 prohemio
1081 2300 1136 2373 sui
1169 2300 1382 2393 Thebaidos,
1414 2307 1452 2375 et

279 2417 316 2490 iu
350 2418 541 2511 prohemio
571 2418 793 2492 Achilleidos.
831 2419 933 2492 Unde
963 2418 1108 2492 videtur
1123 2413 1159 2509 (¹)
1193 2419 1328 2492 Statius
1362 2418 1449 2493 satis

279 2537 510 2612 excusandus
543 2538 571 2610 si
601 2537 770 2612 videatur
799 2537 905 2611 nimis
936 2538 1085 2615 adulari¹
1103 2538 1319 2613 Domitiano.
1346 2539 1449 2614 Unde

280 2662 366 2730 nota
391 2657 502 2749 quod,
528 2656 622 2730 sicut
646 2656 769 2730 scribit
790 2656 978 2751 losephus,
996 2657 1223 2731 Domitianus
1240 2658 1366 2731 andito
1384 2679 1450 2730 ru-

281 2796 386 2850 more
411 2775 457 2850 de
481 2776 684 2851 delectione
711 2796 976 2872 germanorum
1003 2797 1090 2849 cum
1116 2783 1211 2851 esset
1227 2777 1333 2852 valde
1357 2778 1446 2852 ado-

277 2895 428 2989 lescens,
456 2901 594 2969 tautam
621 2896 674 2970 rei
708 2894 994 2991 magnitudinem
1027 2915 1099 2969 nou
1131 2896 1324 2989 recusavit,
1351 2896 1445 2970 sicut

278 3013 339 3086 alii
364 3013 550 3106 iecissent,
567 3013 630 3087 sed
647 3034 669 3086 a
687 3019 790 3107 patre
808 3014 945 3087 habens
971 3013 1168 3110 ingenitam
1194 3014 1442 3089 tortitudinem

276 3152 388 3224 supra
426 3139 585 3224 aetatern,
619 3131 741 3204 statim
776 3131 947 3206 tendebat
980 3132 1017 3204 in
1052 3132 1239 3206 barbaros.
1275 3133 1326 3205 llll
1361 3133 1445 3207 belli

276 3249 374 3323 lama
400 3250 515 3324 territi
540 3250 618 3324 siue
644 3250 718 3323 ullo
750 3250 885 3324 damno
912 3270 1066 3325 romano
1093 3252 1186 3347 jugo
1216 3271 1256 3326 se
1280 3250 1449 3325 subiece-

277 3377 373 3444 runt
400 3370 627 3444 Domitianus
653 3390 743 3465 ergo
768 3370 890 3443 clarus
903 3362 941 3461 (²)
964 3377 1001 3443 et
1025 3370 1185 3466 insignis,
1210 3376 1357 3445 aetatem
1385 3391 1450 3444 su-

183 3545 186 3548 ,
276 3490 488 3585 perentibus
513 3489 615 3564 iactis
640 3496 677 3565 et
703 3489 795 3584 patri
822 3491 1001 3564 honorem
1022 3489 1272 3583 afferentibus,
1290 3491 1447 3564 Romam

277 3630 450 3685 reversus
476 3616 550 3701 est;
569 3607 631 3702 qui
649 3615 687 3682 et
703 3615 902 3702 antequam
920 3614 1025 3703 pater
1043 3609 1183 3683 veniret
1200 3611 1356 3683 Romans
1375 3607 1445 3682 Ca·

276 3731 441 3826 pitolium
460 3728 610 3804 viriliter
627 3727 837 3803 defenderat
852 3728 901 3803 ah
919 3728 1092 3802 hostibus.
1111 3729 1196 3804 ldeo
1208 3731 1373 3823 juvente
1390 3727 1447 3800 iu-

275 3852 376 3926 doles
393 3850 510 3945 potuit
527 3848 695 3942 decipere
712 3847 869 3921 Statium
887 3848 1178 3923 commendando
1197 3848 1448 3922 Domitianum

275 3971 323 4044 ab
349 3970 400 4042 iis.
415 3973 523 4042 -Al
543 3971 624 4041 mio.
650 3968 714 4041 llic
740 3968 875 4042 Statius
900 3968 1071 4042 describit
1100 3988 1140 4041 se
1170 3989 1193 4041 a
1223 3966 1445 4042 nobilissimo

275 4095 382 4182 poeta
407 4108 519 4181 quem
545 4106 690 4180 semper
715 4086 854 4160 studuit
880 4086 1025 4160 imitari.
1044 4087 1088 4160 Et
1107 4086 1174 4160 ista
1194 4086 1299 4161 litera
1324 4084 1446 4159 ambi-

274 4227 350 4302 gua
381 4207 517 4281 hahere
546 4211 664 4299 potest
692 4205 875 4299 duplicem
907 4205 1151 4297 intellectum;
1184 4226 1312 4296 unurn,
1346 4201 1447 4297 quod

275 4324 411 4400 Statius
436 4324 481 4397 sit
505 4324 623 4397 iactus
647 4329 754 4416 poeta
783 4343 850 4418 per
884 4322 1099 4418 Virgilium3
1125 4323 1238 4395 alium
1272 4321 1371 4415 quod
1402 4321 1448 4393 sit

340 4589 368 4651 (¹)
384 4588 438 4644 1¹7,
454 4586 557 4636 ridetur
573 4585 645 4635 mihi.
896 4579 924 4645 (¹)
942 4585 997 4645 m,
1013 4583 1106 4635 0121„
