3458 5602
630 469 833 524 comum
858 469 1077 524 euaderent!

261 885 427 955 CANTUS
450 889 683 956 VIGESIMUS
706 887 940 967 SECUNDUS,
964 890 1001 953 in
1022 909 1082 972 quo
1105 891 1254 955 tractarit
1282 889 1439 975 Virprlt'os

340 1019 409 1065 cum
430 998 533 1066 mato
556 1000 595 1066 de
616 999 682 1066 loco
703 1020 760 1065 suo
782 999 879 1077 limbi,
903 1005 934 1065 ct
950 999 989 1065 dc
1006 999 1114 1064 multis
1135 1001 1331 1082 sapientibus
1353 1003 1437 1066 cnti-

338 1112 426 1194 quis5
454 1117 484 1177 et
510 1110 633 1178 &aare
659 1111 743 1177 dicit
770 1110 905 1196 Virqttc’o
928 1111 1053 1177 modum
1075 1132 1142 1177 sure
1164 1114 1383 1190 conversionis,
1408 1117 1439 1177 et

340 1223 421 1288 sind
442 1220 566 1288 Statim
586 1226 753 1287 venereum
774 1226 821 1286 est
849 1219 1027 1305 Virgilium.

340 1479 450 1646 Gn
481 1590 545 1643 ero
574 1572 712 1659 tanget
734 1571 845 1642 dietro
870 1589 894 1640 u
919 1572 980 1642 noi
1003 1573 1147 1642 nmero.
1175 1570 1372 1664 Postquam
1398 1571 1436 1643 in

261 1690 479 1787 praecedenti
496 1689 656 1784 capitulo
672 1697 780 1783 poeta
798 1696 922 1764 noster
940 1691 1109 1764 tractavit
1122 1682 1160 1782 (⁴)
1179 1691 1225 1765 de
1247 1691 1332 1764 vitio
1350 1710 1437 1786 pro·

260 1810 450 1907 digalitatis
480 1810 517 1882 in
548 1829 704 1903 persona
734 1807 848 1902 Statii,
876 1830 975 1883 nunc
1009 1817 1277 1905 cousequenter
1301 1811 1340 1885 in
1367 1813 1437 1885 isto

259 1930 419 2024 capitulo
436 1929 534 2002 XXII
561 1928 735 2002 terminat
752 1928 946 2003 materiam
965 1929 1227 2026 prodigalitatis
1248 1931 1284 2004 in
1301 1931 1433 2006 eodem

258 2048 399 2144 spiritu,
426 2055 463 2122 et
487 2049 598 2124 intrat
624 2048 819 2121 materiam
845 2049 954 2144 gulae,
981 2071 1065 2143 quae
1090 2051 1242 2146 punitur
1268 2050 1304 2123 in
1330 2057 1435 2124 serto

260 2293 423 2381 quatuor
450 2292 571 2380 partes
587 2287 789 2382 generales.
809 2287 848 2359 ln
867 2287 984 2381 prima
1002 2308 1163 2381 quarum
1183 2294 1290 2382 poeta
1310 2294 1434 2362 osteu-

259 2405 311 2480 dit
336 2406 494 2500 qualiter
520 2407 691 2501 Virgilius
716 2406 866 2500 inquirit
891 2427 914 2481 a
940 2406 1054 2482 Statio
1077 2408 1123 2481 de
1140 2407 1236 2481 illius
1253 2407 1328 2482 vitii
1346 2429 1434 2501 pur·

260 2526 417 2622 gatione.
434 2527 473 2599 ln
486 2526 648 2601 secunda
668 2527 744 2621 ipse
756 2526 927 2623 Virgilius
944 2527 1094 2620 inquirit
1110 2527 1158 2600 ab
1174 2527 1305 2603 eodem
1319 2529 1433 2604 Statio

259 2646 306 2720 de
323 2645 562 2720 conversione
580 2646 659 2720 eius
677 2647 724 2721 ad
741 2645 850 2721 fidem
867 2646 1114 2740 christianam,
1129 2647 1198 2719 ibi:
1221 2652 1273 2720 Or
1290 2652 1433 2739 quoodo

258 2774 294 2839 tu
318 2769 476 2840 cunmstt.
502 2767 543 2838 In
569 2767 678 2841 tertia
710 2766 845 2840 Statius
880 2766 1030 2860 inquirit
1054 2788 1078 2841 a
1104 2767 1253 2864 Virgilio
1278 2768 1325 2841 de
1350 2763 1433 2861 qui·

257 2885 412 2961 busdam
439 2886 554 2980 poetis
579 2886 792 2980 illustribus,
819 2885 886 2958 ibi:
921 2892 969 2959 lle
995 2889 1142 2977 umque
1170 2888 1209 2959 ln
1235 2894 1368 2980 quarta
1394 2895 1431 2962 et

257 3005 384 3082 ultima
411 3005 486 3100 agit
512 3012 550 3078 et
575 3012 708 3079 tractat
731 3006 778 3079 de
804 3005 1023 3101 purgatione
1047 3005 1124 3079 vitii
1141 3006 1250 3102 gulae,
1269 3006 1338 3079 ibi:
1363 3012 1432 3078 Ta-

256 3126 395 3196 ceoansr‘
410 3113 482 3214 yid.
502 3123 556 3195 Ad
573 3123 734 3218 primum
761 3123 912 3197 veniens
937 3124 1030 3217 dico,
1047 3125 1146 3218 quod
1167 3131 1274 3219 poeta
1293 3125 1431 3199 inducit

256 3241 448 3338 Virgilium
475 3240 723 3334 inquirentem
749 3242 795 3315 de
824 3242 1042 3338 purgatione
1071 3243 1193 3336 Statii3
1219 3243 1283 3317 sed
1309 3244 1428 3339 primo

256 3361 473 3435 continuans
500 3380 540 3435 se
565 3361 611 3435 ad
633 3360 826 3435 materiam
844 3361 1112 3455 precedentem
1129 3361 1318 3456 praemittit
1337 3383 1428 3458 pur·

256 3479 442 3576 gationem
469 3501 576 3554 suam
597 3481 731 3554 lacum
749 3481 796 3554 ab
813 3481 945 3576 angelo
962 3502 984 3555 a
1003 3481 1090 3555 vitio
1107 3481 1271 3555 avaritiae
1288 3488 1326 3555 et
1343 3502 1429 3575 pro-

255 3599 459 3696 digalitatis.
486 3600 531 3674 Et
554 3600 602 3674 ad
623 3600 884 3674 declarandum
912 3621 1049 3674 novum
1078 3601 1229 3675 modum
1249 3602 1429 3677 scribendi

255 3742 331 3814 quo
357 3720 474 3793 utitur
491 3720 557 3793 tric
582 3726 702 3815 poeta,
720 3726 775 3793 est
796 3720 1113 3815 considerandum,
1135 3722 1233 3815 quod
1256 3722 1429 3796 demere

255 3840 335 3914 eius
349 3847 404 3914 est
422 3840 458 3912 in
475 3839 647 3914 omnibus
663 3839 809 3913 circulis
821 3839 920 3913 circa
934 3838 1044 3913 finem
1058 3839 1294 3914 introducere
1311 3861 1427 3913 unum

254 3959 440 4055 angelum,
466 3960 529 4053 qui
555 3967 689 4056 purgat
715 3980 802 4034 eum
828 3980 852 4033 a
883 3959 971 4034 vitio
1003 3959 1131 4054 punito
1157 3959 1217 4052 ibi,
1244 3967 1281 4033 et
1305 3959 1428 4055 dirigit

254 4079 414 4153 eumad
445 4078 560 4152 alium
595 4079 786 4153 circulum.
820 4078 887 4152 llic
917 4086 1043 4152 autem
1078 4078 1324 4172 praesupponit
1359 4079 1428 4152 hoc

254 4197 391 4271 lactum
409 4217 507 4291 esse;
525 4200 594 4272 hoc
610 4189 646 4290 (²)
667 4205 793 4271 autem
812 4197 896 4270 lacit
909 4205 950 4270 ut
965 4198 1074 4272 tacite
1089 4197 1151 4271 det
1170 4196 1320 4293 intelligi
1338 4219 1427 4291 pur-

252 4317 437 4414 gationem
462 4337 570 4390 suam
596 4315 654 4389 hic
680 4315 791 4389 luisse
824 4315 978 4410 facilem,
1010 4317 1059 4391 ita
1092 4315 1191 4410 quod
1217 4316 1321 4409 quasi
1353 4337 1426 4390 non

316 4576 344 4640 (¹)
361 4581 415 4639 117,
431 4579 550 4628 tractarit
565 4582 592 4628 et
608 4575 789 4627 determlnarit
804 4574 836 4625 de
852 4575 923 4625 vitio.
1048 4575 1075 4636 (¹)
1091 4575 1122 4624 Ε.
1137 4579 1165 4624 et
1180 4574 1231 4624 hoo
1246 4573 1316 4624 iacit.
