3458 5602
576 471 714 527 caurus
739 472 932 528 vrnnsruus
957 470 1151 528 sncunnus
1400 463 1446 528 23

272 619 496 710 adverterat,
523 617 610 711 quia
636 617 757 692 iuerat
781 618 927 692 locutus
952 637 1039 690 cnm
1056 616 1170 692 Statio
1188 618 1449 692 facundissimo

273 744 350 812 tam
378 735 650 828 delectabiliter,
676 742 714 810 et
738 736 825 830 quia
852 756 983 831 parum
1009 736 1189 810 laboravit
1205 738 1337 811 morbo
1358 757 1450 811 ava·

273 856 368 930 ritiae
388 862 427 929 et
443 854 714 951 prodigalitatis,
732 876 755 929 a
776 876 852 949 quo
875 855 1021 948 recedit,
1040 863 1078 930 et
1095 856 1216 930 minus
1233 857 1320 931 vitio
1338 857 1448 952 gulae,

272 975 323 1049 ad
351 973 451 1067 quod
483 993 583 1046 nune
612 974 761 1048 accedit.
794 975 899 1047 Nunc
929 974 976 1047 ad
1009 974 1174 1068 literam3
1206 975 1291 1049 dicit
1322 981 1448 1068 poeta:

275 1097 440 1184 t’anpet
474 1093 521 1167 de
550 1115 625 1187 quo
651 1095 737 1167 nibil
762 1094 883 1169 adbuc
908 1094 1008 1187 dixit,
1035 1095 1098 1168 sed
1126 1115 1225 1169 nunc
1250 1095 1336 1169 dicit
1360 1094 1451 1168 arti·

275 1213 441 1287 ficialiter
458 1213 669 1306 breviando,
685 1205 747 1304 ptd
763 1235 828 1286 era
844 1217 979 1286 rimoso
998 1217 1111 1287 dbtro
1127 1235 1152 1286 u
1167 1218 1241 1305 noi,
1263 1215 1300 1288 in
1318 1214 1447 1308 quinto

274 1332 440 1426 circulo;
480 1339 518 1407 et
555 1333 709 1427 repetit:
745 1333 1013 1425 conpotum,
1042 1336 1102 1406 cite
1125 1336 1160 1406 η’
1174 1354 1265 1406 uvea
1301 1337 1384 1407 cotti
1412 1337 1452 1408 ai

272 1460 365 1525 sesto
389 1456 483 1543 piro,
508 1453 739 1549 gulosorum,
764 1456 951 1526 abendune
975 1473 1076 1543 ruso,
1102 1453 1204 1548 prins
1229 1476 1343 1548 quam
1369 1456 1449 1530 vol-

274 1578 381 1646 veret
404 1593 481 1665 nos,
506 1593 555 1644 un
579 1575 692 1664 culpo,
709 1572 812 1666 idest,
830 1572 964 1646 vulnus
985 1572 1152 1665 mortale,
1171 1572 1318 1667 scilicet,
1339 1575 1450 1668 quin·

274 1696 355 1763 tum
382 1698 587 1785 peccatum,
612 1695 675 1764 dat
694 1695 782 1782 viso,
801 1691 946 1783 scilicet,
964 1712 986 1765 a
1013 1691 1142 1765 fronte.
1162 1691 1207 1763 Et
1226 1692 1346 1765 suddit
1363 1713 1452 1787 gra·

274 1810 491 1884 tulationem
522 1811 679 1885 aliorum
715 1810 923 1906 spirituum,
956 1810 1098 1884 dicens:
1131 1832 1149 1882 e
1180 1813 1269 1902 quei,
1301 1810 1448 1902 scilicet,

273 1930 410 2004 animae
438 1950 637 2004 avarorum
670 1931 734 2025 qui
757 1925 793 2021 (¹)
827 1936 1082 2003 remanserant
1113 1929 1150 2002 in
1183 1929 1311 2023 quinto
1343 1950 1450 2025 gyro,

276 2052 328 2122 cit
340 2053 460 2122 bonno
485 2054 541 2123 lor
566 2053 677 2124 dono
694 2070 719 2121 a
734 2052 909 2141 ptotzto,
927 2049 1029 2142 idest,
1047 2050 1094 2122 ad
1111 2047 1388 2143 justificandum
1411 2069 1451 2124 se

276 2189 346 2264 per
371 2169 641 2265 purgationem,
662 2172 753 2242 detto
770 2171 815 2241 m'
829 2189 943 2240 aeeon
967 2170 1080 2260 beati;
1097 2167 1176 2241 vult
1201 2168 1324 2242 dicere
1349 2167 1449 2261 qnod

276 2288 448 2362 dixerant
472 2287 561 2361 illud
585 2288 724 2363 dictum
741 2288 896 2363 Mattbaei
913 2287 943 2359 V
963 2288 1139 2383 capitulo:
1166 2291 1266 2361 Beati
1290 2292 1351 2379 qui
1373 2309 1451 2361 esu·

275 2410 374 2481 mum
396 2414 430 2478 et
451 2409 570 2480 ddunt
584 2408 771 2498 justitium,
790 2410 955 2498 quonium
970 2409 1039 2498 ipsi
1061 2408 1326 2497 saturabuntur,
1344 2414 1381 2480 et
1401 2406 1451 2480 ita

276 2525 438 2600 infelices
463 2525 527 2619 qui
554 2525 724 2599 esuriunt
740 2532 777 2600 et
794 2525 920 2599 sitiunt
937 2522 1184 2619 *pecuniam3
1206 2532 1244 2600 et
1263 2525 1365 2599 dicit:
1391 2527 1452 2597 cte

274 2666 336 2718 suc
360 2648 438 2718 voci
458 2648 601 2737 sornbo
626 2638 692 2735 tid,
719 2643 865 2736 scilicet,
884 2646 953 2717 boc
979 2645 1156 2718 verbum:
1183 2645 1375 2716 boetrum
1400 2646 1450 2715 si-

276 2768 386 2858 tiunt,
402 2763 505 2857 idest,
519 2762 729 2859 simpliciter
742 2784 830 2837 curn
847 2765 918 2836 boc
936 2763 1049 2836 verbo
1065 2766 1156 2854 sitio,
1172 2762 1259 2855 quia
1276 2761 1451 2835 dixerunt

275 2884 520 2977 solummodo,
545 2885 636 2956 dead
660 2887 719 2974 qui
733 2882 882 2957 sitium*
898 2873 946 2974 (²).
965 2880 1032 2954 tiit
1050 2888 1174 2955 tamen
1198 2881 1366 2954 subtilius
1383 2900 1450 2955 ex-

275 3009 452 3098 ponentes
481 3002 618 3097 dicunt,
644 3001 743 3097 quod
768 3002 816 3075 illi
843 3000 990 3095 spiritus
1021 3000 1211 3074 dixerunt:
1239 3003 1338 3073 Beati
1362 3020 1451 3091 qoo-

276 3144 357 3196 ntm
381 3125 537 3197 renissoe
568 3131 650 3196 sunt
679 3124 875 3215 otqutntes
908 3126 941 3194 et
964 3139 1113 3211 quorum
1144 3127 1231 3193 tectu
1264 3128 1345 3192 sunt
1364 3141 1448 3212 pec-

275 3249 369 3315 cata
394 3243 439 3317 Et
460 3245 529 3318 boc
547 3250 696 3339 propter
711 3242 867 3316 Dantem
885 3246 921 3314 et
938 3239 1106 3332 Statium,
1124 3240 1188 3334 qui
1206 3246 1311 3314 erant
1328 3261 1448 3335 nuper

275 3359 446 3454 absoluti,
463 3362 558 3436 alter
582 3362 629 3436 ab
654 3359 820 3452 avaritia,
841 3360 935 3433 alter
958 3380 981 3433 a
1007 3358 1279 3455 prodigalitate:
1298 3365 1336 3433 et
1352 3358 1451 3433 dice-

275 3478 367 3552 bant
398 3479 435 3551 in
466 3479 549 3573 fine,
581 3483 673 3566 etio,
698 3479 796 3572 qnia,
821 3478 917 3551 sicut
942 3477 1105 3552 Christus
1132 3478 1168 3550 in
1194 3498 1303 3572 poena
1330 3476 1450 3550 crucis

275 3597 369 3672 dixit
392 3596 489 3673 istud
514 3599 671 3673 verbum
697 3600 789 3689 sitio,
814 3596 965 3692 cupiens
990 3597 1134 3672 salvare
1156 3599 1362 3670 humanum
1383 3615 1450 3690 ge·

277 3739 361 3810 nus,
387 3717 436 3791 ita
462 3718 519 3793 isti
543 3717 653 3793 adlini
679 3725 792 3792 terrae
817 3717 854 3789 in
879 3737 948 3790 suo
974 3715 1142 3790 cruciatu
1167 3715 1338 3790 dixerunt
1358 3715 1450 3803 sitio,

277 3836 425 3930 seilicet,
456 3838 609 3932 salvari3
642 3837 706 3911 sed
739 3835 838 3931 prior
868 3835 1046 3928 expositio
1079 3835 1197 3930 magis
1226 3833 1371 3908 videtur
1404 3831 1451 3905 de

278 3962 404 4031 mente
428 3957 578 4030 autoris.
605 3957 650 4029 Et
673 3954 795 4029 subdit
820 3954 992 4028 ellectum
1025 3973 1102 4027 suae
1132 3951 1369 4048 purgationis,
1395 3950 1452 4024 di·

278 4095 385 4151 cens:
411 4082 445 4148 et
465 4078 501 4148 io
521 4071 584 4169 pit
609 4079 693 4149 liene
716 4077 777 4148 cle
796 4095 865 4167 per
890 4076 1011 4145 taluc
1031 4075 1116 4166 soti,
1141 4072 1244 4166 idest,
1265 4053 1355 4145 alios
1380 4071 1451 4144 cir·

279 4195 395 4288 culos,
424 4200 462 4269 et
495 4194 640 4288 merito,
671 4194 758 4289 qnia
787 4194 1009 4287 deposuerat
1039 4192 1204 4286 quinque
1236 4191 1451 4288 gravissima

280 4311 443 4408 pondera
474 4333 497 4386 a
528 4313 645 4406 capite
677 4334 761 4404 suo,
794 4319 832 4386 et
864 4311 1050 4386 restabant
1087 4312 1154 4385 sibi
1192 4311 1267 4385 duo
1301 4309 1452 4401 leviora,

355 4493 362 4522 ι

344 4493 530 4633 &Effluit
544 4568 585 4621 tra
600 4571 610 4620 i
626 4569 677 4620 due
693 4569 826 4620 ostentent
842 4581 889 4620 ton
905 4568 1017 4632 snpplite
1033 4568 1074 4619 dal
1090 4566 1177 4620 codici
1193 4567 1224 4618 ll.
1240 4579 1256 4618 e
1273 4571 1327 4618 tlt.
