3458 5602
576 500 717 554 caurus
742 501 932 555 vronsruus
957 501 1150 556 sacunnus.
1401 492 1447 560 33

272 646 414 741 plenus,
441 649 533 718 dello
565 666 651 717 oero
685 649 871 737 crederem,
908 645 990 721 fidei
1023 647 1238 741 christiane,
1264 653 1448 740 seminato,

274 766 374 861 quod
399 787 527 841 semen
552 766 772 862 germinavit
799 767 1029 860 miraculose,
1053 790 1119 861 per
1137 771 1162 841 u
1179 775 1353 862 messoppi
1377 776 1449 845 del-

274 888 297 957 Γ
310 893 430 958 eterno
464 907 588 977 repno,
619 886 721 978 idest,
753 906 819 980 per
852 888 1034 980 apostolos
1067 888 1196 961 missos
1232 890 1280 962 ab
1310 898 1450 966 aeterno

277 1024 387 1101 rege3
414 1026 499 1079 nam
528 1006 713 1099 apostolus
739 1005 1001 1100 interpetratur
1028 1007 1179 1101 missus3
1206 1030 1225 1081 e
1254 1013 1290 1082 to
1318 1015 1451 1103 purolo

276 1131 338 1197 tua
362 1145 473 1216 sopra
503 1132 650 1214 toccnto,
682 1125 783 1218 idest,
818 1125 957 1198 dictum
993 1131 1100 1198 tuum
1134 1129 1238 1221 quasi
1266 1131 1450 1224 propheti-

275 1266 376 1338 cum,
401 1248 433 1317 si
453 1266 656 1318 consonano
682 1249 719 1317 oi
742 1249 848 1318 ononi
869 1250 1080 1338 predicanti,
1100 1248 1246 1342 scilicet,
1268 1251 1449 1344 apostolis,

275 1365 341 1458 qui
375 1365 544 1438 dicebant
575 1365 759 1439 Christum
793 1365 935 1462 virgine
966 1373 1114 1440 natum:
1148 1375 1184 1441 et
1215 1390 1304 1444 vere
1336 1371 1449 1444 verba

277 1484 416 1580 Virgilii
443 1484 528 1557 satis
554 1485 725 1558 videntur
750 1505 910 1559 consona
932 1485 1034 1576 fidem
1063 1493 1188 1561 tamen
1214 1489 1324 1562 credo
1351 1489 1449 1583 quod

275 1605 398 1700 potius
430 1605 606 1700 intelligat
638 1605 684 1679 de
714 1605 880 1700 Augusto
914 1627 1026 1699 quam
1060 1607 1107 1680 do
1137 1607 1291 1701 Christo,
1321 1613 1451 1683 ond'io

276 1749 300 1799 o
339 1729 489 1798 or‘sitorli
518 1729 615 1818 presi
646 1734 768 1816 asoto,
804 1725 911 1819 idest,
950 1728 1264 1803 consuetudinem.
1287 1770 1337 1783 -
1365 1737 1452 1802 Ven-

276 1850 401 1920 nermi.
420 1846 485 1918 llic
505 1846 640 1919 Statius
659 1846 816 1920 ostendit
834 1868 939 1919 suam
959 1847 1228 1941 dispositionem
1247 1869 1336 1944 erga
1354 1850 1453 1923 clrri-

277 1969 414 2042 stianos
449 1973 616 2060 tempore
647 1967 853 2040 Domitiani.
888 1968 932 2040 Et
966 1968 1012 2041 ad
1046 1968 1315 2064 intelligendam
1357 1971 1452 2044 bene

278 2088 386 2161 istam
413 2087 569 2179 literam,
597 2087 680 2159 volo
706 2093 742 2159 te
768 2086 863 2160 scire
896 2088 995 2180 quod
1025 2088 1252 2161 Domitianus
1285 2090 1352 2163 iste
1386 2089 1453 2162 luit

279 2206 506 2281 tristissimus
519 2199 556 2297 (¹)
583 2206 794 2298 hominum3
822 2227 906 2279 nam
934 2206 1150 2281 exercitium
1176 2229 1368 2282 armorum
1388 2229 1454 2282 ne-

277 2327 405 2424 glexit,
433 2326 656 2420 sagiptarum
673 2317 711 2416 (2)
739 2333 862 2399 tamen
883 2327 1135 2420 peritissimus,
1153 2329 1216 2421 qni
1235 2329 1331 2402 circa
1352 2328 1452 2402 initia

278 2447 503 2542 principatus
528 2445 690 2538 quotidie
708 2450 848 2520 secrete
865 2446 1009 2539 petebat
1027 2466 1227 2541 cameram,
1248 2454 1285 2521 et
1305 2468 1452 2521 muscas

278 2567 360 2640 stilo
386 2565 598 2639 acutissimo
623 2564 838 2660 configebat.
856 2565 958 2639 Unde
976 2566 1121 2639 cuidam
1144 2567 1381 2662 interroganti
1403 2589 1451 2640 an

278 2686 409 2779 aliquis
437 2690 532 2758 esset
556 2683 653 2756 intus
683 2704 768 2757 cum
804 2684 1038 2779 imperatore,
1064 2687 1158 2759 alius
1189 2707 1261 2759 non
1292 2687 1452 2759 absurde

279 2804 484 2898 respondit:
511 2824 579 2877 nec
605 2823 732 2877 musca
759 2804 919 2897 quidem.
938 2806 1067 2878 Multas
1084 2814 1121 2878 et
1141 2826 1292 2900 magnas
1318 2805 1452 2879 crude-

280 2927 398 3000 litates
425 2924 519 3017 lecit,
540 2923 704 2997 similiter
724 2925 886 3018 rapinas3
904 2925 1116 2998 luxuriosus
1140 2946 1272 3019 porcos
1293 2926 1371 3019 luit,
1389 2925 1452 3019 qui

280 3045 392 3119 filiam
411 3044 532 3117 iratris
551 3043 730 3139 virginem
749 3044 924 3138 corrupit,
939 3044 1086 3119 vivente
1098 3045 1219 3120 adhuc
1237 3053 1341 3140 patre
1358 3044 1453 3137 Tito;

280 3167 462 3260 superbus
488 3171 525 3238 et
550 3184 667 3236 vanus
694 3164 811 3257 nimis,
840 3165 937 3239 unde
962 3186 983 3238 a
1010 3166 1184 3261 principio
1216 3167 1357 3261 imperii
1389 3168 1455 3240 ha-

280 3288 359 3362 buit
384 3286 508 3359 dicere
526 3284 562 3356 in
580 3289 709 3358 senatu
729 3304 769 3357 se
788 3284 929 3358 dedisse
947 3285 1141 3379 imperium
1167 3287 1259 3381 patri
1281 3293 1318 3361 et
1340 3285 1453 3379 fratri,

281 3414 318 3482 et
342 3407 413 3481 alia
440 3405 520 3478 vice
546 3403 629 3477 lecit
655 3404 884 3498 proclamare
909 3405 945 3477 in
972 3414 1101 3480 senatu
1133 3427 1198 3500 per
1224 3427 1452 3500 praeconem:

281 3528 458 3602 Dominus
483 3531 520 3598 et
545 3525 643 3598 Deus
671 3515 843 3615 vester(·⁰‘)
872 3525 923 3597 sic
940 3524 1018 3599 fieri
1030 3527 1156 3620 jubct3
1178 3526 1390 3621 praecipiens
1408 3545 1454 3599 ne

282 3665 453 3722 sermone
478 3645 537 3719 vol
563 3643 697 3737 scripto
722 3644 876 3717 alicuius
893 3644 1000 3718 aliter
1019 3647 1287 3739 appellaretur3
1305 3654 1454 3739 propter

283 3786 365 3862 quae
390 3763 561 3839 terribilis
586 3769 623 3837 et
648 3762 795 3836 odiosus
822 3762 938 3836 lactus
964 3771 1020 3838 est
1044 3765 1225 3837 omnibus.
1244 3764 1346 3837 Unde
1364 3783 1453 3835 con-

284 3885 416 3961 iuratio
443 3885 536 3958 lacta
562 3889 618 3957 est
642 3882 679 3954 in
705 3902 791 3956 eum
820 3903 885 3976 per
912 3882 1059 3956 libertos
1084 3883 1222 3956 amicos
1244 3883 1392 3955 intimos
1417 3888 1454 3957 et

286 4025 456 4096 uxorem3
471 3991 551 4093 etl‘]
567 4003 770 4075 multorum
785 4002 912 4097 gladiis
929 3996 1132 4075 trucidatus
1148 4009 1213 4076 est.
1227 4001 1340 4076 Cuius
1354 4023 1456 4075 mor-

285 4134 357 4199 tem
385 4131 489 4219 pater
515 4122 757 4217 Vespasianus
777 4122 941 4215 jocunde
974 4122 1214 4216 praedixerat:
1242 4143 1327 4196 cum
1355 4124 1453 4197 enim

286 4245 396 4320 semel
424 4244 483 4317 ille
508 4243 544 4315 in
570 4262 676 4316 ooena
696 4242 895 4315 abstineret
920 4263 942 4316 a
969 4242 1101 4339 iungis,
1119 4243 1227 4317 dixit:
1246 4264 1364 4337 quare
1382 4264 1456 4317 non

286 4364 403 4458 potius
428 4364 570 4437 lerrum
598 4362 730 4436 times?
755 4362 860 4435 Nunc
885 4362 930 4435 ad
958 4362 1121 4456 literam;
1147 4363 1248 4436 dicit:
1275 4366 1457 4435 Vennermi

346 4549 373 4610 (¹)
389 4547 415 4599 S.
432 4549 591 4598 tristissimus
607 4549 733 4599 omnium.
797 4547 825 4610 (²)
840 4547 866 4597 S.
883 4561 898 4596 o
915 4548 945 4597 E.
962 4549 1120 4612 sagiplarum
1139 4553 1238 4598 lantum
1256 4548 1434 4611 peritissimus.

345 4624 415 4687 [1)8.
431 4638 446 4674 s
463 4624 493 4674 E.
509 4629 606 4676 nostor.
797 4624 825 4688 (¹)
841 4625 871 4674 B.
888 4630 914 4676 ot
931 4627 1035 4676 undem
1052 4627 1205 4677 multorum.

416 4732 455 4775 lv.
1307 4732 1321 4773 8
