3458 5602
185 520 186 523 ¹
278 504 324 568 20
636 512 840 568 uouuuruu
859 515 1084 569 runcaronu

276 660 420 747 t’altra,
446 657 591 748 scilieet,
618 656 764 750 Statius,
789 661 980 748 sconpiura
1004 643 1098 730 clt'io
1120 659 1220 749 dica;
1236 659 1319 730 oad'
1333 659 1368 727 to
1387 676 1449 727 so-

274 781 386 870 spiro,
412 797 431 847 e
455 796 543 848 sotto
567 780 675 848 inteso
700 779 764 848 dal
787 779 856 849 mm
881 784 1047 866 maestro,
1067 775 1213 868 scilicet,
1236 796 1259 849 a
1286 775 1446 870 Virgilio,

276 917 390 991 quem
416 897 497 989 plus
523 895 721 969 reverebar
745 895 810 988 qui
838 896 981 970 videbat
1008 917 1129 970 meam
1154 894 1364 970 aviditatem
1392 895 1448 967 lo-

276 1015 411 1110 quendi
429 1034 539 1107 nunc,
557 1013 705 1107 qualem
724 1015 904 1088 habebam
922 1016 1090 1110 superius
1110 1015 1262 1107 sciendi3
1280 1014 1362 1088 ideo
1382 1013 1448 1087 de·

275 1134 326 1208 dit
351 1133 416 1207 sibi
443 1132 625 1207 licentiam
650 1132 802 1225 dicendi,
829 1134 927 1208 unde
952 1134 1055 1207 dicit:
1076 1155 1095 1206 e
1117 1137 1221 1221 disse,
1246 1133 1307 1207 ille
1326 1130 1447 1227 Virgi-

275 1253 358 1346 lius,
392 1273 466 1327 aon
490 1273 576 1324 aaa
596 1271 718 1343 paura
742 1254 780 1323 dl
798 1254 952 1344 partum
979 1260 1128 1347 propter
1159 1272 1230 1344 me,
1256 1273 1317 1323 ma
1337 1252 1448 1342 parta

276 1375 406 1462 edicti
430 1373 509 1462 quel
531 1374 590 1443 che
615 1374 785 1444 dimurtda
810 1392 876 1443 con
901 1379 1164 1464 commonstra,
1189 1371 1336 1462 scilicet,
1358 1390 1449 1444 cau-

277 1510 356 1563 sam
383 1489 435 1561 tui
462 1488 627 1562 risus-
644 1492 733 1561 ond
746 1493 791 1561 io.
818 1489 883 1562 llic
908 1496 1014 1583 poeta
1041 1491 1143 1585 ponit
1173 1488 1445 1583 responsionem

277 1631 383 1683 suam
408 1607 456 1682 ad
480 1608 691 1703 petitionem
709 1608 823 1702 Statii,
845 1608 987 1684 dicens:
1019 1613 1168 1700 (ladio,
1194 1608 1400 1682 licentiatus
1425 1627 1449 1680 a

274 1728 435 1824 Virgilio,
461 1727 554 1801 dixi:
581 1748 604 1799 ο
635 1729 1020 1822 momentaneum
1050 1730 1203 1823 poetasti
1232 1730 1312 1823 jam
1346 1727 1444 1801 millc

276 1848 381 1921 annis
406 1847 554 1941 elapsis3
578 1849 676 1938 forse
700 1849 760 1919 che
776 1854 811 1920 tu
829 1851 855 1920 o·
871 1850 1060 1938 marumplt‘
1079 1852 1136 1920 del
1152 1851 1251 1920 rtder
1270 1848 1365 1919 ch’to
1382 1848 1442 1938 sai,

277 1966 364 2060 quia
381 1966 476 2040 lorte
493 1966 619 2040 videor
640 1965 702 2039 tihi
720 1966 888 2041 derisisse
907 1968 1117 2063 magnificas
1136 1968 1263 2042 laudes
1280 1986 1373 2059 quas
1393 1964 1448 2038 le-

277 2085 355 2159 cisti
372 2085 418 2159 de
436 2084 595 2180 Virgilio,
614 2090 652 2157 et
667 2084 997 2180 singularissimum
1015 2106 1183 2160 amorem
1198 2105 1310 2179 quem
1323 2091 1447 2156 osten·

277 2204 358 2282 disti
377 2212 414 2278 te
432 2204 570 2278 hahere
587 2204 634 2277 ad
650 2203 753 2278 illum
771 2205 1054 2278 celeberrimum
1068 2213 1235 2300 poetam3
1249 2226 1308 2276 mu
1326 2205 1448 2276 oo'cloe

278 2326 305 2396 li
323 2325 414 2415 pipli
434 2319 496 2414 ptri
521 2325 821 2417 d’ammirazt‘oa5
839 2331 876 2398 et
893 2344 980 2398 ecee
1007 2344 1086 2398 rem
1113 2324 1347 2418 stupendam:
1366 2342 1448 2418 quc-

277 2447 322 2516 otl
346 2446 406 2516 cte
430 2445 539 2534 maida
562 2446 600 2515 in
625 2444 709 2533 allo,
730 2443 776 2516 ad
798 2464 988 2516 summum
1006 2444 1162 2537 virtutis,
1179 2445 1446 2534 quontitate,

278 2562 381 2655 idest,
400 2562 685 2656 speculationem
715 2562 1009 2655 intellectualem,
1028 2556 1142 2654 dpuel
1166 2565 1319 2653 Virpihh,
1337 2582 1448 2635 num-

278 2701 392 2774 quam
418 2680 504 2753 satis
530 2681 708 2773 laudatus,
726 2683 790 2753 dul
808 2684 892 2771 qual
914 2686 951 2753 tu
976 2685 1122 2771 toplteslt'
1135 2685 1244 2774 sorzu
1263 2703 1288 2753 a
1305 2688 1444 2773 cantur,

278 2800 381 2892 idest,
407 2800 480 2873 alte
504 2799 724 2892 describere,
750 2803 842 2889 depll
872 2803 1003 2872 nomini
1035 2822 1054 2873 e
1082 2804 1134 2873 de'
1148 2805 1223 2873 Dei.
1249 2801 1360 2888 Quasi
1394 2800 1449 2875 di-

278 2925 337 2992 cat
349 2911 405 3009 (¹):
432 2918 672 2992 imitationem
699 2918 835 3014 Virgilii
856 2938 943 2991 cum
962 2920 1102 3013 poetice
1118 2919 1334 3013 descripsisti
1353 2919 1447 2992 bella

278 3038 488 3111 Thebarum
514 3037 779 3111 introducendo
805 3037 889 3111 hinc
914 3036 998 3111 inde
1023 3039 1190 3112 homines
1221 3045 1258 3113 et
1290 3040 1379 3114 deos
1411 3040 1448 3112 in

278 3177 395 3249 arma,
422 3156 516 3229 sicut
541 3161 581 3227 tu
608 3155 778 3251 Virgilius
803 3156 915 3229 iecisti
942 3163 980 3230 et
1004 3158 1173 3250 accepisti
1203 3159 1250 3232 ah
1274 3159 1447 3233 Homero.

279 3275 323 3348 ut
347 3271 530 3348 concludit
555 3295 704 3348 omnem
730 3275 840 3349 aliam
866 3295 1029 3368 causam,
1055 3277 1198 3351 diceus:
1226 3281 1363 3352 salua
1387 3300 1450 3351 co-

278 3397 363 3485 pion
387 3396 532 3467 modesti
556 3397 595 3466 al
616 3397 715 3467 rider
739 3398 822 3485 mia,
840 3398 986 3468 tasnato
999 3418 1066 3488 per
1082 3418 1152 3468 non
1175 3419 1274 3488 ocra,
1292 3401 1335 3471 ed
1354 3419 1448 3470 esser

278 3515 375 3585 credi
399 3516 507 3603 quelle
526 3516 666 3605 parole,
692 3514 830 3607 supple,
857 3534 938 3587 esse
965 3535 1064 3607 vera,
1091 3519 1150 3588 cte
1173 3519 1211 3589 dt
1235 3519 1283 3589 lui
1311 3521 1447 3610 deeset,-

279 3632 366 3725 quia
392 3638 429 3706 et
454 3652 524 3727 ego
550 3632 661 3706 credo
676 3632 762 3705 illud
782 3632 880 3725 quod
898 3633 1016 3706 dixisti
1034 3634 1071 3706 in
1090 3635 1445 3709 commendationem

279 3750 436 3847 Virgilil3
464 3750 545 3824 ideo
566 3772 638 3824 non
657 3750 719 3823 risi
736 3750 772 3823 in
790 3757 1041 3845 contemptum
1063 3753 1154 3845 eius,
1173 3773 1259 3826 cum
1277 3774 1347 3849 ego
1368 3754 1449 3827 lue-

281 3870 350 3943 rim
372 3870 596 3944 illuminatus
621 3875 658 3944 et
683 3870 840 3943 inviatus
869 3871 916 3945 ab
949 3891 994 3945 eo
1025 3872 1071 3945 ad
1103 3873 1338 3966 poetandum,
1367 3873 1448 3947 licet

280 3989 474 4062 habuerim
501 3990 619 4062 maius
638 3990 762 4064 lumen
780 3991 919 4085 gratiae,
937 4012 1050 4084 quam
1069 3984 1113 4064 tu
1129 3992 1186 4065 vel
1204 3992 1289 4086 ipse.
1304 4033 1353 4046 -
1369 3983 1446 4064 otu.

280 4106 345 4179 llic
372 4107 499 4179 ultimo
525 4113 632 4200 poeta
657 4109 839 4182 concludit
864 4108 975 4182 linem
992 4130 1070 4183 suae
1092 4111 1344 4204 responsionis,
1362 4111 1449 4204 quia

281 4224 417 4298 Statius
434 4227 594 4318 repletus
611 4231 760 4319 stupore
777 4234 815 4301 et
832 4247 961 4301 amore
978 4249 1063 4302 cum
1083 4250 1228 4304 summa
1244 4231 1450 4305 reverentia
1543 4296 1545 4300 ,

282 4351 318 4418 et
343 4344 581 4420 veneratione
605 4344 789 4419 inclinavit
806 4367 847 4420 se
863 4347 909 4421 ad
926 4350 1187 4443 gratulandum
1209 4349 1366 4446 Virgilio.
1386 4351 1449 4422 bi-

345 4606 372 4667 p)
388 4605 419 4655 n
435 4605 515 4655 dicul:
532 4606 558 4655 in
574 4605 744 4656 imitationem
760 4606 862 4671 Vlrgllll
879 4612 909 4658 lu
924 4609 1033 4671 poetlca
