3458 5602
579 464 717 520 caurus
743 467 935 522 vroosnaus
960 468 1155 524 SECUNDUS.
1407 460 1453 523 27

280 608 373 700 ritia,
399 627 485 701 quae
510 607 559 681 ita
584 608 771 684 excessivo
796 609 864 683 luit
889 609 926 683 in
953 610 1077 705 Statio,
1099 619 1142 685 ut
1167 612 1364 705 aliquando
1390 611 1456 685 de·

279 727 406 802 faceret
429 727 497 800 sibi
523 728 626 822 panis
652 749 738 802 cum
765 735 845 802 erat
862 729 899 802 in
916 730 1047 804 maiori
1069 752 1198 806 amore
1215 738 1253 807 et
1269 732 1397 807 lavore
1419 731 1454 805 in

278 847 408 939 Roma,
433 847 529 921 sicut
560 847 684 921 scribit
713 849 907 922 luvenalis.
939 850 983 923 Et
1015 850 1073 924 hic
1105 857 1192 925 nota
1223 852 1322 944 quod
1353 859 1455 926 recte

277 966 361 1040 talis
385 972 440 1040 est
465 966 618 1040 effectus
643 967 915 1062 prodigalitatis
942 969 1029 1062 quia
1054 970 1167 1043 trahit
1198 971 1383 1045 hominem
1416 970 1453 1042 in

277 1086 662 1161 omniaincommoda
688 1094 726 1161 et
751 1088 932 1162 contrahit
958 1091 1126 1164 membra
1158 1091 1194 1163 in
1221 1090 1280 1164 vili
1307 1092 1453 1182 lectulo,

278 1206 377 1280 velat
401 1227 537 1300 corpus
563 1227 678 1301 parvo
703 1214 740 1281 et
765 1207 911 1282 sordido
936 1209 1142 1303 panniculo,
1169 1211 1288 1285 ventri
1315 1210 1455 1283 inducit

272 1327 416 1422 jeiunia
442 1326 552 1423 longo
577 1327 672 1421 odio,
700 1334 736 1402 et
762 1330 952 1403 stomacho
969 1350 1088 1405 vacuo
1112 1330 1152 1404 lit
1178 1331 1275 1405 socia
1302 1330 1452 1404 humida

278 1447 396 1521 tames
420 1453 458 1520 et
482 1447 584 1521 arida
601 1447 695 1520 sitis:
721 1447 826 1520 illum
847 1448 1015 1541 sequitur
1031 1450 1192 1524 creditor
1212 1470 1359 1543 avarus,
1381 1449 1453 1521 im-

275 1573 459 1661 portunus
476 1574 641 1660 exactor,
669 1567 843 1661 repetitor
863 1568 1057 1663 prodigus;
1076 1569 1128 1643 sic
1153 1569 1193 1642 lit
1220 1570 1355 1644 misero
1378 1570 1453 1643 vita

275 1704 400 1781 poena,
426 1706 527 1760 mors
552 1687 734 1760 solatium.
761 1687 846 1762 Ideo
872 1688 957 1762 dicit
982 1687 1129 1782 StatiuS,
1157 1688 1257 1782 quod
1281 1689 1328 1762 ad
1354 1688 1449 1761 istud

275 1825 455 1900 magnum
482 1804 611 1879 vitium
638 1812 764 1880 secuta
796 1813 851 1881 est
875 1807 985 1903 longa
1014 1827 1143 1900 poena3
1176 1807 1277 1882 unde
1301 1807 1405 1880 dicit:
1434 1828 1453 1879 e

276 1927 446 2015 neptam
477 1927 676 2016 dilutiori,
709 1926 811 2020 idest,
844 1927 960 2000 multa
995 1926 1106 2001 millia
1137 1928 1332 2020 mensium,
1365 1947 1450 1999 nam

275 2064 397 2119 annus
422 2044 561 2117 lunaris
586 2051 642 2118 est
673 2065 770 2118 unus
785 2037 821 2137 (¹)
855 2046 1002 2139 mensis,
1029 2052 1066 2119 et
1099 2046 1215 2119 utitur
1248 2046 1309 2120 tali
1341 2046 1452 2119 modo

276 2163 461 2257 loquendi,
489 2170 531 2236 ut
555 2183 664 2258 poena
687 2163 856 2238 videatur
876 2164 1039 2259 longior,
1057 2168 1175 2237 tanao
1188 2169 1313 2257 punito
1332 2172 1451 2257 questo

275 2285 479 2373 dommac,
505 2281 651 2376 scilicet,
677 2283 980 2378 prodigalitatem.
994 2324 1043 2337 -
1056 2290 1099 2375 E,
1119 2306 1166 2357 se.
1184 2286 1289 2359 Nunc
1314 2285 1451 2358 Statius

274 2401 446 2476 describit
470 2423 576 2475 suam
595 2402 891 2477 emendationem
911 2404 959 2477 ab
976 2404 1044 2477 isto
1063 2404 1168 2497 vitio;
1189 2411 1227 2477 et
1244 2403 1328 2477 dicit
1349 2404 1449 2497 quod

275 2541 393 2595 unum
420 2521 558 2596 dictum
585 2520 823 2617 virgilianum
851 2522 1004 2595 retraxit
1033 2543 1132 2597 eum.
1168 2524 1212 2595 Et
1245 2523 1292 2596 ad
1318 2521 1449 2599 intolli-

211 2683 213 2685 >
273 2641 436 2739 gentiam
463 2641 567 2714 istius
591 2641 708 2715 literae
734 2647 819 2714 nota
846 2641 944 2734 quod
972 2642 1141 2738 Virgilius
1159 2642 1267 2716 tertio
1284 2641 1450 2733 Eneidos,

274 2781 361 2835 cum
389 2760 636 2854 descripsisset
660 2759 848 2833 crudelem
874 2761 1066 2834 avaritiam
1089 2760 1385 2856 Polymnestoris,
1403 2760 1450 2832 de

274 2901 349 2974 qua
375 2880 514 2954 dictum
546 2885 602 2953 est
624 2899 738 2973 supra
763 2879 923 2973 capitulo
954 2879 1032 2972 XX,
1063 2878 1282 2953 exclamavit
1298 2869 1334 2970 (²)
1363 2897 1449 2949 cum

274 2999 540 3096 indignatione:
563 3002 648 3092 qutd
671 3020 743 3073 aon
768 3000 937 3072 mortalia
949 3005 1095 3091 pectora
1112 3001 1207 3089 coges
1229 3002 1319 3072 Auri
1342 3018 1452 3071 sacra

271 3124 413 3214 lomes?
439 3120 544 3213 quasi
569 3109 675 3213 dicat,
694 3120 793 3214 quod
819 3118 995 3212 cupiditas
1020 3118 1102 3192 auri
1128 3118 1312 3212 compellit
1337 3119 1448 3193 corda

274 3239 467 3313 hominum
493 3239 539 3312 ad
564 3239 688 3313 omnia
706 3259 840 3334 magna
859 3239 973 3332 mala;
991 3243 1114 3312 tamen
1140 3239 1198 3312 hic
1218 3238 1354 3312 Statius
1371 3238 1447 3312 lar-

273 3358 356 3455 gius
382 3358 644 3452 interpretatur
669 3357 765 3430 istud
794 3357 945 3451 dictum,
971 3364 1008 3431 et
1033 3357 1118 3432 dicit
1152 3358 1252 3450 quod
1277 3357 1449 3452 Virgilius

273 3478 399 3573 arguit
424 3477 744 3572 intemperantiam
770 3476 978 3551 divitiarum
1007 3483 1082 3550 tam
1115 3477 1151 3550 in
1183 3476 1302 3550 dando
1333 3497 1445 3569 quam

274 3594 311 3669 in
336 3596 536 3672 retinendo.
555 3597 690 3672 Ordina
716 3617 814 3671 nunc
841 3597 984 3670 literam
1011 3597 1081 3670 sic:
1099 3602 1132 3669 E
1153 3600 1293 3670 condrei
1318 3600 1348 3669 le
1372 3600 1450 3687 pto-

273 3725 344 3790 stre
361 3738 500 3810 mame,
518 3740 611 3812 quas
627 3718 766 3792 faciunt
782 3717 923 3813 prodigi
949 3723 986 3791 et
1007 3716 1109 3791 avari
1136 3715 1173 3789 in
1200 3716 1352 3806 inlern0,
1372 3719 1450 3787 ool-

275 3841 395 3928 tuodo,
422 3839 469 3912 ad
493 3845 671 3934 punctum
689 3837 838 3929 circuli3
866 3835 970 3930 quasi
995 3836 1110 3909 dicat:
1137 3854 1208 3930 ego
1234 3852 1353 3907 essem
1379 3834 1445 3908 da·

276 3964 434 4050 moetus,
460 3958 547 4051 quia
564 3977 857 4054 perseverassem
885 3976 1032 4050 semper
1056 3955 1093 4027 in
1120 3952 1382 4049 prodigalitate,
1408 3975 1446 4028 se

275 4099 344 4152 aon
357 4082 452 4171 fosse
471 4081 567 4152 clt'io
584 4081 727 4153 ἀνέκαι’
750 4080 822 4150 mio
846 4098 949 4168 curo,
971 4096 1082 4170 super
1100 4075 1169 4148 isto
1187 4074 1285 4168 vitio,
1303 4077 1448 4167 qnando

274 4201 371 4272 mesi
383 4188 420 4272 td
431 4201 521 4272 douc
533 4206 569 4271 tu
582 4202 719 4289 cltomt,
734 4198 841 4272 tertio
853 4198 1020 4291 Eneidos,
1035 4198 1136 4287 quad
1146 4198 1334 4285 mucdato,
1344 4194 1446 4286 idest,

275 4316 491 4414 mdignatus,
517 4322 576 4392 atr
588 4339 723 4392 amano
747 4326 890 4408 namra,
911 4317 1054 4392 dicens:
1080 4338 1103 4389 o
1127 4336 1235 4388 socru
1252 4317 1349 4408 some
1373 4315 1449 4385 del-

339 4503 366 4562 l¹l
384 4507 438 4561 itt,
455 4503 531 4552 uulua
548 4504 651 4554 mensu.

338 4575 366 4640 Γ)
383 4576 414 4627 B.
428 4577 556 4628 exclamat
572 4593 633 4629 oum
649 4578 831 4643 indignatione,
848 4578 947 4628 dicem:
964 4578 1026 4642 quid
1041 4592 1102 4628 noo.
