3458 5602
276 486 323 551 30
617 490 840 547 compununt
864 489 1082 545 ruaonronn

274 661 361 715 cum
388 639 495 712 vinco
520 635 567 710 ad
589 636 774 709 arborem.
793 636 837 708 lit
854 635 1028 709 continno
1045 635 1309 729 superveniens
1326 645 1450 730 pastor

275 759 492 856 peregrinus
518 756 620 828 illum
641 755 782 848 accepit
806 762 843 828 et
868 754 1016 828 donavit
1034 754 1180 828 cuidam
1198 755 1244 829 dc
1261 755 1448 851 Coryntbo

276 879 340 973 qni
365 876 524 972 portavit
548 895 636 949 eum
662 873 708 948 ad
734 876 905 969 Meropen
933 892 1088 945 uxorem
1115 873 1230 946 Polibi
1262 874 1360 969 regis
1385 895 1450 947 co·

277 996 508 1093 ryntbiornm
528 999 716 1068 carentem
733 993 836 1066 omni
853 992 966 1088 prole.
988 992 1073 1066 ldeo
1097 1012 1121 1065 a
1146 1013 1235 1089 rege
1261 999 1298 1068 et
1324 994 1450 1089 regina

277 1121 467 1210 susceptus
492 1120 548 1188 est
572 1113 610 1185 in
636 1111 752 1185 filium
771 1113 872 1186 velut
899 1113 1033 1215 missus
1059 1132 1080 1184 a
1108 1112 1214 1206 coelo,
1240 1132 1326 1186 cnm
1354 1133 1452 1207 prae-

278 1235 445 1309 tenderet
471 1231 629 1306 indolem
656 1232 831 1327 regalem,
850 1238 888 1304 et
904 1237 1131 1304 vocaverunt
1156 1251 1243 1305 eum
1269 1230 1450 1326 OEdipum

277 1374 300 1427 a
335 1352 496 1447 pedibus.
531 1349 691 1445 0Edipus
729 1350 841 1446 igitur
880 1341 1047 1440 lactusl⁴l
1081 1349 1229 1443 juvenis
1268 1350 1451 1424 lormosus

280 1470 381 1544 lortis
416 1470 554 1543 babens
591 1469 758 1542 animum
788 1474 826 1542 et
855 1487 977 1541 mores
1012 1468 1166 1562 regales
1196 1468 1321 1542 audito
1351 1468 1451 1562 qnod

212 1652 217 1659 .
280 1610 354 1663 non
380 1587 580 1662 eratfilius
606 1586 719 1660 Polibi
745 1593 872 1681 captus
901 1585 1082 1659 desiderio
1114 1587 1356 1681 cognoscendi
1385 1608 1452 1682 pa-

279 1717 387 1801 trem,
413 1708 562 1781 obtenta
588 1706 733 1780 licentia
758 1705 954 1779 difficulter
975 1726 998 1779 a
1016 1705 1153 1798 Polibo,
1171 1707 1271 1780 venit
1294 1708 1340 1781 ad
1366 1729 1452 1782 ora-

278 1831 405 1904 culum
432 1826 652 1921 delphicum,
671 1825 734 1899 ubi
751 1826 890 1900 audivit
916 1826 1015 1919 quod
1040 1833 1183 1920 patrem
1210 1827 1390 1902 inveniret
1415 1827 1453 1900 in

282 1949 449 2041 Phocide,
468 1952 505 2022 et
526 1952 683 2020 matrem
711 1952 835 2039 postea
861 1946 1013 2020 duceret
1038 1946 1075 2019 in
1100 1967 1268 2022 uxorem.
1287 1948 1356 2035 Qui
1374 1953 1453 2020 stu-

280 2069 445 2165 petactus
467 2064 614 2139 devenit
631 2065 667 2136 in
685 2064 892 2157 Phocidem,
917 2065 978 2137 ubi
1004 2071 1085 2138 orta
1112 2066 1287 2141 seditione
1300 2058 1337 2158 (²)
1357 2067 1453 2140 inter

280 2188 443 2261 forenses
468 2192 506 2259 et
531 2183 640 2276 cives,
666 2183 775 2256 Laius
808 2184 933 2257 volens
965 2184 1095 2259 sedare
1124 2185 1224 2258 litem
1257 2204 1453 2279 percussus

281 2306 349 2379 init
374 2304 495 2400 gladio
520 2303 568 2376 ab
584 2301 722 2396 OEdipo
738 2291 795 2395 (³l3
813 2302 944 2376 deinde
964 2302 1113 2376 veniens
1130 2304 1271 2377 Thebas
1288 2303 1453 2399 incogni-

282 2433 342 2500 tus
369 2425 463 2499 sorte
488 2423 575 2517 qnia
600 2422 820 2496 credebatur
836 2409 873 2512 (⁴)
900 2421 994 2494 filius
1012 2422 1109 2517 regis
1129 2422 1253 2516 Polibi,
1271 2423 1379 2497 datus
1399 2428 1455 2497 est

281 2546 318 2619 in
346 2545 467 2617 virum
493 2545 657 2636 Jocastae,
680 2561 764 2635 quae
788 2541 910 2616 adbuc
934 2542 1147 2635 deplorabat
1172 2549 1331 2617 mortem
1357 2544 1454 2637 Laii3

282 2685 396 2759 qnam
419 2662 579 2758 OEdtpus
605 2661 760 2735 libenter
789 2662 929 2754 accepit
960 2661 1091 2735 timens
1125 2682 1172 2736 ne
1203 2663 1354 2738 duceret
1380 2666 1456 2738 Me-

282 2804 396 2878 ropen
423 2803 536 2876 quam
568 2781 741 2856 credebat
771 2801 852 2855 esse
882 2787 1039 2855 matrem
1075 2803 1192 2855 suam.
1225 2783 1341 2878 lgitur
1372 2785 1456 2857 laete

284 2924 443 2999 regnans
468 2902 596 2998 gennit
621 2908 782 2994 quatuor
809 2900 900 2974 lilios
929 2921 975 2975 ex
1007 2908 1145 2974 matre:
1173 2902 1236 2976 sed
1262 2922 1349 2976 ecce
1374 2922 1456 2975 ma-

281 3043 354 3118 gna
381 3028 482 3116 peste
508 3026 593 3093 nata
615 3021 651 3092 in
668 3020 825 3113 civitate,
848 3021 936 3094 dum
959 3027 1192 3113 quaereretur
1213 3021 1344 3094 modus
1364 3042 1455 3116 pur·

282 3140 438 3236 gationis
463 3139 509 3213 de
536 3158 652 3231 more,
679 3137 835 3212 Tiresias
860 3139 1045 3212 maximus
1078 3159 1201 3235 augur
1230 3141 1330 3233 dixit,
1357 3139 1457 3233 quod

283 3278 472 3350 nunquam
489 3248 526 3348 (⁵)
553 3263 714 3331 cessaret
746 3257 865 3351 pestis,
893 3257 959 3329 nisi
990 3258 1131 3332 occisor
1164 3259 1274 3353 patris
1306 3265 1344 3333 et
1376 3278 1458 3331 ma-

283 3377 427 3449 culatur
452 3375 580 3449 matris
612 3375 860 3470 deponeretur
893 3395 915 3448 a
951 3397 1088 3472 regno;
1119 3387 1156 3453 et
1185 3378 1285 3450 hunc
1313 3377 1459 3451 dicebat

284 3515 365 3570 esse
389 3493 580 3588 0Edipnm.
608 3496 662 3568 lle
686 3495 868 3568 horrenda
898 3495 1051 3590 detecta,
1085 3496 1205 3570 omnis
1229 3503 1285 3571 est
1309 3497 1459 3571 turbata

284 3615 426 3708 letitia,
449 3621 486 3688 et
506 3615 648 3689 locusta
666 3615 879 3709 deplorante
900 3613 1053 3689 infames
1070 3615 1214 3709 nuptias
1233 3636 1330 3709 suas,
1347 3614 1459 3689 OEdi-

285 3757 354 3831 pus
378 3736 520 3809 abiecto
546 3735 672 3808 babitu
701 3734 814 3830 regali
840 3740 968 3829 sponte
993 3734 1092 3808 eruit
1121 3735 1188 3807 sibi
1219 3736 1345 3809 oculos
1370 3756 1459 3810 cum

283 3854 402 3950 digitis
427 3860 464 3927 et
490 3854 527 3926 in
553 3859 750 3948 perpetuas
776 3853 945 3927 tenebras
971 3873 1012 3926 se
1037 3853 1240 3927 damnavit:
1260 3853 1366 3926 cuins
1392 3854 1459 3927 tri·

283 3973 418 4045 stitiam
444 3972 505 4045 filii
531 3973 750 4067 deriserunt,
774 3978 811 4047 et
836 3972 1017 4046 maledicti
1043 3992 1065 4045 a
1091 3979 1196 4066 patre
1221 3973 1365 4047 accensi
1390 3993 1459 4047 cn-

284 4091 431 4185 piditate
457 4092 633 4186 regnandi
660 4092 808 4165 tandem
834 4098 1086 4166 convenerunt
1113 4097 1153 4165 ut
1179 4112 1255 4165 nno
1282 4099 1461 4188 regnante

284 4228 350 4304 per
375 4228 526 4300 annum,
548 4209 641 4282 alter
668 4210 846 4284 exularet.
874 4209 944 4283 Sed
969 4230 1055 4282 cum
1083 4217 1163 4305 post
1187 4231 1326 4284 annum
1348 4211 1459 4285 Eteo-

347 4436 377 4498 (¹)
395 4440 448 4497 ll'l,
465 4436 550 4488 iaetus
565 4443 613 4488 est.
910 4438 937 4498 (¹)
954 4438 979 4488 s.
996 4440 1128 4491 divisione,

347 4512 376 4575 (⁸)
392 4513 422 4562 Ε.
438 4511 540 4576 OEdipo
557 4514 625 4577 lpso;
642 4513 743 4565 deinde.
911 4513 938 4576 (¹)
955 4513 981 4564 S.
998 4515 1142 4568 ridebatur.

349 4587 376 4650 (⁸)
393 4587 423 4637 li.
439 4601 572 4652 nunqnam
589 4588 713 4639 deiiceret
728 4601 776 4640 nec
793 4595 906 4640 comant
921 4589 988 4640 dicu
1005 4593 1091 4653 pastu.
